%YAML 1.1
%TAG !u! tag:unity3d.com,2011:
--- !u!1 &224025712550853860
GameObject:
  m_ObjectHideFlags: 0
  m_CorrespondingSourceObject: {fileID: 0}
  m_PrefabInstance: {fileID: 0}
  m_PrefabAsset: {fileID: 0}
  serializedVersion: 6
  m_Component:
  - component: {fileID: 6673310817864771205}
  m_Layer: 0
  m_Name: Spine2
  m_TagString: Untagged
  m_Icon: {fileID: 0}
  m_NavMeshLayer: 0
  m_StaticEditorFlags: 0
  m_IsActive: 1
--- !u!4 &6673310817864771205
Transform:
  m_ObjectHideFlags: 0
  m_CorrespondingSourceObject: {fileID: 0}
  m_PrefabInstance: {fileID: 0}
  m_PrefabAsset: {fileID: 0}
  m_GameObject: {fileID: 224025712550853860}
  m_LocalRotation: {x: 0.06698386, y: 3.5639575e-10, z: 7.875722e-10, w: 0.99775404}
  m_LocalPosition: {x: -0.0000000013242243, y: 0.17544448, z: 0.0000000047741433}
  m_LocalScale: {x: 1, y: 1, z: 1}
  m_Children:
  - {fileID: 2590146719458596229}
  - {fileID: 4570081245815660336}
  - {fileID: 9085791383338063998}
  m_Father: {fileID: 3164004919558741016}
  m_RootOrder: 0
  m_LocalEulerAnglesHint: {x: 0, y: -6.1219997e-15, z: 0}
--- !u!1 &256171836038012952
GameObject:
  m_ObjectHideFlags: 0
  m_CorrespondingSourceObject: {fileID: 0}
  m_PrefabInstance: {fileID: 0}
  m_PrefabAsset: {fileID: 0}
  serializedVersion: 6
  m_Component:
  - component: {fileID: 5649727401510569991}
  m_Layer: 0
  m_Name: Upperarm.L
  m_TagString: Untagged
  m_Icon: {fileID: 0}
  m_NavMeshLayer: 0
  m_StaticEditorFlags: 0
  m_IsActive: 1
--- !u!4 &5649727401510569991
Transform:
  m_ObjectHideFlags: 0
  m_CorrespondingSourceObject: {fileID: 0}
  m_PrefabInstance: {fileID: 0}
  m_PrefabAsset: {fileID: 0}
  m_GameObject: {fileID: 256171836038012952}
  m_LocalRotation: {x: 0.24090943, y: 0.27683705, z: 0.45785648, w: 0.8097477}
  m_LocalPosition: {x: -0.000000028871, y: 0.22339463, z: -0.000000010055373}
  m_LocalScale: {x: 0.99999994, y: 1, z: 0.99999994}
  m_Children:
  - {fileID: 2278034540425051547}
  m_Father: {fileID: 4570081245815660336}
  m_RootOrder: 0
  m_LocalEulerAnglesHint: {x: 0.23838311, y: 0.22517134, z: 55.56703}
--- !u!1 &257606911478557870
GameObject:
  m_ObjectHideFlags: 0
  m_CorrespondingSourceObject: {fileID: 0}
  m_PrefabInstance: {fileID: 0}
  m_PrefabAsset: {fileID: 0}
  serializedVersion: 6
  m_Component:
  - component: {fileID: 3164004919558741016}
  m_Layer: 0
  m_Name: Spine1
  m_TagString: Untagged
  m_Icon: {fileID: 0}
  m_NavMeshLayer: 0
  m_StaticEditorFlags: 0
  m_IsActive: 1
--- !u!4 &3164004919558741016
Transform:
  m_ObjectHideFlags: 0
  m_CorrespondingSourceObject: {fileID: 0}
  m_PrefabInstance: {fileID: 0}
  m_PrefabAsset: {fileID: 0}
  m_GameObject: {fileID: 257606911478557870}
  m_LocalRotation: {x: 0.044475485, y: 0.001686173, z: -0.03784757, w: 0.9982919}
  m_LocalPosition: {x: -0, y: 0.1281758, z: 0}
  m_LocalScale: {x: 1, y: 1, z: 1}
  m_Children:
  - {fileID: 6673310817864771205}
  m_Father: {fileID: 3413111738637367264}
  m_RootOrder: 0
  m_LocalEulerAnglesHint: {x: 0.00000016309538, y: -0.000001567005, z: 11.749519}
--- !u!1 &447588404224015937
GameObject:
  m_ObjectHideFlags: 0
  m_CorrespondingSourceObject: {fileID: 0}
  m_PrefabInstance: {fileID: 0}
  m_PrefabAsset: {fileID: 0}
  serializedVersion: 6
  m_Component:
  - component: {fileID: 6556544599692586797}
  - component: {fileID: 1532585696855074122}
  m_Layer: 0
  m_Name: Body
  m_TagString: Untagged
  m_Icon: {fileID: 0}
  m_NavMeshLayer: 0
  m_StaticEditorFlags: 0
  m_IsActive: 1
--- !u!4 &6556544599692586797
Transform:
  m_ObjectHideFlags: 0
  m_CorrespondingSourceObject: {fileID: 0}
  m_PrefabInstance: {fileID: 0}
  m_PrefabAsset: {fileID: 0}
  m_GameObject: {fileID: 447588404224015937}
  m_LocalRotation: {x: -0.7071068, y: -0.000000030908623, z: -0.000000030908623, w: 0.7071068}
  m_LocalPosition: {x: 0.08699989, y: -0.46300006, z: -0.78200006}
  m_LocalScale: {x: 3, y: 3, z: 3}
  m_Children:
  - {fileID: 7129382580779724947}
  m_Father: {fileID: 7907512068152146095}
  m_RootOrder: 0
  m_LocalEulerAnglesHint: {x: 0, y: 0, z: 0}
--- !u!137 &1532585696855074122
SkinnedMeshRenderer:
  m_ObjectHideFlags: 0
  m_CorrespondingSourceObject: {fileID: 0}
  m_PrefabInstance: {fileID: 0}
  m_PrefabAsset: {fileID: 0}
  m_GameObject: {fileID: 447588404224015937}
  m_Enabled: 1
  m_CastShadows: 1
  m_ReceiveShadows: 1
  m_DynamicOccludee: 1
  m_MotionVectors: 1
  m_LightProbeUsage: 1
  m_ReflectionProbeUsage: 1
  m_RayTracingMode: 3
  m_RayTraceProcedural: 0
  m_RenderingLayerMask: 1
  m_RendererPriority: 0
  m_Materials:
  - {fileID: 3675950881042427739, guid: 11989b37e9ffdd7418c9741df4e57e6e, type: 3}
  - {fileID: 4419475791591512857, guid: 11989b37e9ffdd7418c9741df4e57e6e, type: 3}
  - {fileID: 2046712527556643733, guid: 11989b37e9ffdd7418c9741df4e57e6e, type: 3}
  - {fileID: -876546973899608171, guid: 11989b37e9ffdd7418c9741df4e57e6e, type: 3}
  m_StaticBatchInfo:
    firstSubMesh: 0
    subMeshCount: 0
  m_StaticBatchRoot: {fileID: 0}
  m_ProbeAnchor: {fileID: 0}
  m_LightProbeVolumeOverride: {fileID: 0}
  m_ScaleInLightmap: 1
  m_ReceiveGI: 1
  m_PreserveUVs: 0
  m_IgnoreNormalsForChartDetection: 0
  m_ImportantGI: 0
  m_StitchLightmapSeams: 1
  m_SelectedEditorRenderState: 3
  m_MinimumChartSize: 4
  m_AutoUVMaxDistance: 0.5
  m_AutoUVMaxAngle: 89
  m_LightmapParameters: {fileID: 0}
  m_SortingLayerID: 0
  m_SortingLayer: 0
  m_SortingOrder: 0
  serializedVersion: 2
  m_Quality: 0
  m_UpdateWhenOffscreen: 0
  m_SkinnedMotionVectors: 1
  m_Mesh: {fileID: 2959467708922500008, guid: 11989b37e9ffdd7418c9741df4e57e6e, type: 3}
  m_Bones:
  - {fileID: 3413111738637367264}
  - {fileID: 3164004919558741016}
  - {fileID: 6673310817864771205}
  - {fileID: 2590146719458596229}
  - {fileID: 4570081245815660336}
  - {fileID: 5649727401510569991}
  - {fileID: 2278034540425051547}
  - {fileID: 4589720537956043980}
  - {fileID: 9085791383338063998}
  - {fileID: 5506080815371608264}
  - {fileID: 6088722587914661775}
  - {fileID: 3701545360473884816}
  m_BlendShapeWeights: []
  m_RootBone: {fileID: 3413111738637367264}
  m_AABB:
    m_Center: {x: 0.04322678, y: 0.38656417, z: 0.07903644}
    m_Extent: {x: 0.4357985, y: 0.517429, z: 0.30833063}
  m_DirtyAABB: 0
--- !u!1 &487750578477802191
GameObject:
  m_ObjectHideFlags: 0
  m_CorrespondingSourceObject: {fileID: 0}
  m_PrefabInstance: {fileID: 0}
  m_PrefabAsset: {fileID: 0}
  serializedVersion: 6
  m_Component:
  - component: {fileID: 4589720537956043980}
  m_Layer: 0
  m_Name: Hand.L
  m_TagString: Untagged
  m_Icon: {fileID: 0}
  m_NavMeshLayer: 0
  m_StaticEditorFlags: 0
  m_IsActive: 1
--- !u!4 &4589720537956043980
Transform:
  m_ObjectHideFlags: 0
  m_CorrespondingSourceObject: {fileID: 0}
  m_PrefabInstance: {fileID: 0}
  m_PrefabAsset: {fileID: 0}
  m_GameObject: {fileID: 487750578477802191}
  m_LocalRotation: {x: -0.023658372, y: -0.60091686, z: 0.18878661, w: 0.7763368}
  m_LocalPosition: {x: 0.000000022351742, y: 0.15401733, z: -0.000000013038516}
  m_LocalScale: {x: 1, y: 0.9999999, z: 1.0000001}
  m_Children:
  - {fileID: 4643942315933932295}
  m_Father: {fileID: 2278034540425051547}
  m_RootOrder: 0
  m_LocalEulerAnglesHint: {x: 3.1504595, y: -87.91389, z: -11.537404}
--- !u!1 &1219785243964962564
GameObject:
  m_ObjectHideFlags: 0
  m_CorrespondingSourceObject: {fileID: 0}
  m_PrefabInstance: {fileID: 0}
  m_PrefabAsset: {fileID: 0}
  serializedVersion: 6
  m_Component:
  - component: {fileID: 7129382580779724947}
  m_Layer: 0
  m_Name: root
  m_TagString: Untagged
  m_Icon: {fileID: 0}
  m_NavMeshLayer: 0
  m_StaticEditorFlags: 0
  m_IsActive: 1
--- !u!4 &7129382580779724947
Transform:
  m_ObjectHideFlags: 0
  m_CorrespondingSourceObject: {fileID: 0}
  m_PrefabInstance: {fileID: 0}
  m_PrefabAsset: {fileID: 0}
  m_GameObject: {fileID: 1219785243964962564}
  m_LocalRotation: {x: 0, y: 0, z: 0, w: 1}
  m_LocalPosition: {x: -0, y: 0.028, z: 0.326}
  m_LocalScale: {x: 1, y: 1, z: 1}
  m_Children: []
  m_Father: {fileID: 6556544599692586797}
  m_RootOrder: 0
  m_LocalEulerAnglesHint: {x: 0, y: 0, z: 0}
--- !u!1 &1430065863447809613
GameObject:
  m_ObjectHideFlags: 0
  m_CorrespondingSourceObject: {fileID: 0}
  m_PrefabInstance: {fileID: 0}
  m_PrefabAsset: {fileID: 0}
  serializedVersion: 6
  m_Component:
  - component: {fileID: 3701545360473884816}
  m_Layer: 0
  m_Name: Hand.R
  m_TagString: Untagged
  m_Icon: {fileID: 0}
  m_NavMeshLayer: 0
  m_StaticEditorFlags: 0
  m_IsActive: 1
--- !u!4 &3701545360473884816
Transform:
  m_ObjectHideFlags: 0
  m_CorrespondingSourceObject: {fileID: 0}
  m_PrefabInstance: {fileID: 0}
  m_PrefabAsset: {fileID: 0}
  m_GameObject: {fileID: 1430065863447809613}
  m_LocalRotation: {x: -0.02149654, y: 0.00018862322, z: 0.0087688565, w: 0.99973047}
  m_LocalPosition: {x: 0.000000028871, y: 0.15401731, z: 0.00000006798655}
  m_LocalScale: {x: 0.99999994, y: 0.99999994, z: 0.99999994}
  m_Children:
  - {fileID: 6690134812136964398}
  m_Father: {fileID: 6088722587914661775}
  m_RootOrder: 0
  m_LocalEulerAnglesHint: {x: 23.653727, y: 15.7934885, z: 4.004416}
--- !u!1 &1630238767938651327
GameObject:
  m_ObjectHideFlags: 0
  m_CorrespondingSourceObject: {fileID: 0}
  m_PrefabInstance: {fileID: 0}
  m_PrefabAsset: {fileID: 0}
  serializedVersion: 6
  m_Component:
  - component: {fileID: 4570081245815660336}
  m_Layer: 0
  m_Name: Shoulder.L
  m_TagString: Untagged
  m_Icon: {fileID: 0}
  m_NavMeshLayer: 0
  m_StaticEditorFlags: 0
  m_IsActive: 1
--- !u!4 &4570081245815660336
Transform:
  m_ObjectHideFlags: 0
  m_CorrespondingSourceObject: {fileID: 0}
  m_PrefabInstance: {fileID: 0}
  m_PrefabAsset: {fileID: 0}
  m_GameObject: {fileID: 1630238767938651327}
  m_LocalRotation: {x: 0.019530812, y: -0.012794777, z: 0.7525474, w: 0.65812415}
  m_LocalPosition: {x: -0.000000010884833, y: 0.16601923, z: -0.0000000036670826}
  m_LocalScale: {x: 1.0000001, y: 1.0000001, z: 1}
  m_Children:
  - {fileID: 5649727401510569991}
  m_Father: {fileID: 6673310817864771205}
  m_RootOrder: 1
  m_LocalEulerAnglesHint: {x: -0.14828166, y: -0.5763751, z: 98.23168}
--- !u!1 &1865453661231061363
GameObject:
  m_ObjectHideFlags: 0
  m_CorrespondingSourceObject: {fileID: 0}
  m_PrefabInstance: {fileID: 0}
  m_PrefabAsset: {fileID: 0}
  serializedVersion: 6
  m_Component:
  - component: {fileID: 6027132666500106006}
  - component: {fileID: 5347310269395561192}
  - component: {fileID: 5292956108053612353}
  m_Layer: 0
  m_Name: hair
  m_TagString: Untagged
  m_Icon: {fileID: 0}
  m_NavMeshLayer: 0
  m_StaticEditorFlags: 0
  m_IsActive: 1
--- !u!4 &6027132666500106006
Transform:
  m_ObjectHideFlags: 0
  m_CorrespondingSourceObject: {fileID: 0}
  m_PrefabInstance: {fileID: 0}
  m_PrefabAsset: {fileID: 0}
  m_GameObject: {fileID: 1865453661231061363}
  m_LocalRotation: {x: -0.7071068, y: 0.00000019923179, z: 0.0000001394344, w: 0.70710677}
  m_LocalPosition: {x: 0, y: -1.2591181, z: 0}
  m_LocalScale: {x: 1, y: 1, z: 1}
  m_Children: []
  m_Father: {fileID: 6292868638189772538}
  m_RootOrder: 0
  m_LocalEulerAnglesHint: {x: 0, y: 0, z: 0}
--- !u!33 &5347310269395561192
MeshFilter:
  m_ObjectHideFlags: 0
  m_CorrespondingSourceObject: {fileID: 0}
  m_PrefabInstance: {fileID: 0}
  m_PrefabAsset: {fileID: 0}
  m_GameObject: {fileID: 1865453661231061363}
  m_Mesh: {fileID: -5017437812508297076, guid: 11989b37e9ffdd7418c9741df4e57e6e, type: 3}
--- !u!23 &5292956108053612353
MeshRenderer:
  m_ObjectHideFlags: 0
  m_CorrespondingSourceObject: {fileID: 0}
  m_PrefabInstance: {fileID: 0}
  m_PrefabAsset: {fileID: 0}
  m_GameObject: {fileID: 1865453661231061363}
  m_Enabled: 1
  m_CastShadows: 1
  m_ReceiveShadows: 1
  m_DynamicOccludee: 1
  m_MotionVectors: 1
  m_LightProbeUsage: 1
  m_ReflectionProbeUsage: 1
  m_RayTracingMode: 2
  m_RayTraceProcedural: 0
  m_RenderingLayerMask: 1
  m_RendererPriority: 0
  m_Materials:
  - {fileID: -4288583467269203127, guid: 11989b37e9ffdd7418c9741df4e57e6e, type: 3}
  m_StaticBatchInfo:
    firstSubMesh: 0
    subMeshCount: 0
  m_StaticBatchRoot: {fileID: 0}
  m_ProbeAnchor: {fileID: 0}
  m_LightProbeVolumeOverride: {fileID: 0}
  m_ScaleInLightmap: 1
  m_ReceiveGI: 1
  m_PreserveUVs: 0
  m_IgnoreNormalsForChartDetection: 0
  m_ImportantGI: 0
  m_StitchLightmapSeams: 1
  m_SelectedEditorRenderState: 3
  m_MinimumChartSize: 4
  m_AutoUVMaxDistance: 0.5
  m_AutoUVMaxAngle: 89
  m_LightmapParameters: {fileID: 0}
  m_SortingLayerID: 0
  m_SortingLayer: 0
  m_SortingOrder: 0
  m_AdditionalVertexStreams: {fileID: 0}
--- !u!1 &2218833287861607466
GameObject:
  m_ObjectHideFlags: 0
  m_CorrespondingSourceObject: {fileID: 0}
  m_PrefabInstance: {fileID: 0}
  m_PrefabAsset: {fileID: 0}
  serializedVersion: 6
  m_Component:
  - component: {fileID: 5286983393972584305}
  m_Layer: 0
  m_Name: Armature
  m_TagString: Untagged
  m_Icon: {fileID: 0}
  m_NavMeshLayer: 0
  m_StaticEditorFlags: 0
  m_IsActive: 1
--- !u!4 &5286983393972584305
Transform:
  m_ObjectHideFlags: 0
  m_CorrespondingSourceObject: {fileID: 0}
  m_PrefabInstance: {fileID: 0}
  m_PrefabAsset: {fileID: 0}
  m_GameObject: {fileID: 2218833287861607466}
  m_LocalRotation: {x: -0.7071068, y: -0, z: 8.659561e-17, w: 0.7071068}
  m_LocalPosition: {x: 0.08699989, y: -0.46300006, z: -0.78200006}
  m_LocalScale: {x: 3, y: 3, z: 3}
  m_Children:
  - {fileID: 3413111738637367264}
  m_Father: {fileID: 7907512068152146095}
  m_RootOrder: 1
  m_LocalEulerAnglesHint: {x: -90, y: 0, z: 0}
--- !u!1 &3003154627401146427
GameObject:
  m_ObjectHideFlags: 0
  m_CorrespondingSourceObject: {fileID: 0}
  m_PrefabInstance: {fileID: 0}
  m_PrefabAsset: {fileID: 0}
  serializedVersion: 6
  m_Component:
  - component: {fileID: 5506080815371608264}
  m_Layer: 0
  m_Name: Upperarm.R
  m_TagString: Untagged
  m_Icon: {fileID: 0}
  m_NavMeshLayer: 0
  m_StaticEditorFlags: 0
  m_IsActive: 1
--- !u!4 &5506080815371608264
Transform:
  m_ObjectHideFlags: 0
  m_CorrespondingSourceObject: {fileID: 0}
  m_PrefabInstance: {fileID: 0}
  m_PrefabAsset: {fileID: 0}
  m_GameObject: {fileID: 3003154627401146427}
  m_LocalRotation: {x: -0.19999374, y: 0.2348625, z: -0.4446922, w: 0.840887}
  m_LocalPosition: {x: 0.000000052154064, y: 0.22339463, z: 0.000000006519258}
  m_LocalScale: {x: 0.99999994, y: 1, z: 1}
  m_Children:
  - {fileID: 6088722587914661775}
  m_Father: {fileID: 9085791383338063998}
  m_RootOrder: 0
  m_LocalEulerAnglesHint: {x: -22.962435, y: -3.7848024, z: -18.51149}
--- !u!1 &3656537896378664959
GameObject:
  m_ObjectHideFlags: 0
  m_CorrespondingSourceObject: {fileID: 0}
  m_PrefabInstance: {fileID: 0}
  m_PrefabAsset: {fileID: 0}
  serializedVersion: 6
  m_Component:
  - component: {fileID: 2590146719458596229}
  m_Layer: 0
  m_Name: Head
  m_TagString: Untagged
  m_Icon: {fileID: 0}
  m_NavMeshLayer: 0
  m_StaticEditorFlags: 0
  m_IsActive: 1
--- !u!4 &2590146719458596229
Transform:
  m_ObjectHideFlags: 0
  m_CorrespondingSourceObject: {fileID: 0}
  m_PrefabInstance: {fileID: 0}
  m_PrefabAsset: {fileID: 0}
  m_GameObject: {fileID: 3656537896378664959}
  m_LocalRotation: {x: 0.0639329, y: -0.00000011898707, z: -0.0000000061243353, w: 0.99795425}
  m_LocalPosition: {x: -0.000000010884833, y: 0.16601923, z: -0.0000000036670826}
  m_LocalScale: {x: 1, y: 0.99999994, z: 1}
  m_Children:
  - {fileID: 6292868638189772538}
  m_Father: {fileID: 6673310817864771205}
  m_RootOrder: 0
  m_LocalEulerAnglesHint: {x: -0.0000036010163, y: -0.000010617045, z: -12.6576805}
--- !u!1 &4234831536756141409
GameObject:
  m_ObjectHideFlags: 0
  m_CorrespondingSourceObject: {fileID: 0}
  m_PrefabInstance: {fileID: 0}
  m_PrefabAsset: {fileID: 0}
  serializedVersion: 6
  m_Component:
  - component: {fileID: 3413111738637367264}
  m_Layer: 0
  m_Name: root
  m_TagString: Untagged
  m_Icon: {fileID: 0}
  m_NavMeshLayer: 0
  m_StaticEditorFlags: 0
  m_IsActive: 1
--- !u!4 &3413111738637367264
Transform:
  m_ObjectHideFlags: 0
  m_CorrespondingSourceObject: {fileID: 0}
  m_PrefabInstance: {fileID: 0}
  m_PrefabAsset: {fileID: 0}
  m_GameObject: {fileID: 4234831536756141409}
  m_LocalRotation: {x: 0.7071068, y: 0, z: 0, w: 0.7071067}
  m_LocalPosition: {x: -0, y: 0, z: 0.4264651}
  m_LocalScale: {x: 1, y: 1, z: 1}
  m_Children:
  - {fileID: 3164004919558741016}
  m_Father: {fileID: 5286983393972584305}
  m_RootOrder: 0
  m_LocalEulerAnglesHint: {x: 89.9802, y: 0, z: 0}
--- !u!1 &4840939291357375316
GameObject:
  m_ObjectHideFlags: 0
  m_CorrespondingSourceObject: {fileID: 0}
  m_PrefabInstance: {fileID: 0}
  m_PrefabAsset: {fileID: 0}
  serializedVersion: 6
  m_Component:
  - component: {fileID: 4643942315933932295}
  m_Layer: 0
  m_Name: Hand.L_end
  m_TagString: Untagged
  m_Icon: {fileID: 0}
  m_NavMeshLayer: 0
  m_StaticEditorFlags: 0
  m_IsActive: 1
--- !u!4 &4643942315933932295
Transform:
  m_ObjectHideFlags: 0
  m_CorrespondingSourceObject: {fileID: 0}
  m_PrefabInstance: {fileID: 0}
  m_PrefabAsset: {fileID: 0}
  m_GameObject: {fileID: 4840939291357375316}
  m_LocalRotation: {x: 0, y: -0, z: -0, w: 1}
  m_LocalPosition: {x: -0, y: 0.07557613, z: 0}
  m_LocalScale: {x: 1, y: 1, z: 1}
  m_Children: []
  m_Father: {fileID: 4589720537956043980}
  m_RootOrder: 0
  m_LocalEulerAnglesHint: {x: 0, y: 0, z: 0}
--- !u!1 &5165404227537888397
GameObject:
  m_ObjectHideFlags: 0
  m_CorrespondingSourceObject: {fileID: 0}
  m_PrefabInstance: {fileID: 0}
  m_PrefabAsset: {fileID: 0}
  serializedVersion: 6
  m_Component:
  - component: {fileID: 2278034540425051547}
  m_Layer: 0
  m_Name: Lowerarm.L
  m_TagString: Untagged
  m_Icon: {fileID: 0}
  m_NavMeshLayer: 0
  m_StaticEditorFlags: 0
  m_IsActive: 1
--- !u!4 &2278034540425051547
Transform:
  m_ObjectHideFlags: 0
  m_CorrespondingSourceObject: {fileID: 0}
  m_PrefabInstance: {fileID: 0}
  m_PrefabAsset: {fileID: 0}
  m_GameObject: {fileID: 5165404227537888397}
  m_LocalRotation: {x: 0.5393951, y: -0.0123780845, z: -0.005812801, w: 0.84194183}
  m_LocalPosition: {x: 0.000000031664968, y: 0.19950408, z: -0.000000026077032}
  m_LocalScale: {x: 1, y: 1, z: 0.99999994}
  m_Children:
  - {fileID: 4589720537956043980}
  m_Father: {fileID: 5649727401510569991}
  m_RootOrder: 0
  m_LocalEulerAnglesHint: {x: 63.523514, y: 51.178463, z: 30.744568}
--- !u!1 &6534471639481411992
GameObject:
  m_ObjectHideFlags: 0
  m_CorrespondingSourceObject: {fileID: 0}
  m_PrefabInstance: {fileID: 0}
  m_PrefabAsset: {fileID: 0}
  serializedVersion: 6
  m_Component:
  - component: {fileID: 9085791383338063998}
  m_Layer: 0
  m_Name: Shoulder.R
  m_TagString: Untagged
  m_Icon: {fileID: 0}
  m_NavMeshLayer: 0
  m_StaticEditorFlags: 0
  m_IsActive: 1
--- !u!4 &9085791383338063998
Transform:
  m_ObjectHideFlags: 0
  m_CorrespondingSourceObject: {fileID: 0}
  m_PrefabInstance: {fileID: 0}
  m_PrefabAsset: {fileID: 0}
  m_GameObject: {fileID: 6534471639481411992}
  m_LocalRotation: {x: 0.008947499, y: 0.031340457, z: -0.7877663, w: 0.6151114}
  m_LocalPosition: {x: -0.000000010884833, y: 0.16601923, z: -0.0000000036670826}
  m_LocalScale: {x: 1.0000001, y: 1, z: 0.99999994}
  m_Children:
  - {fileID: 5506080815371608264}
  m_Father: {fileID: 6673310817864771205}
  m_RootOrder: 2
  m_LocalEulerAnglesHint: {x: 0.035100818, y: 0.20366758, z: -100.133835}
--- !u!1 &7130155935242830222
GameObject:
  m_ObjectHideFlags: 0
  m_CorrespondingSourceObject: {fileID: 0}
  m_PrefabInstance: {fileID: 0}
  m_PrefabAsset: {fileID: 0}
  serializedVersion: 6
  m_Component:
  - component: {fileID: 3478439933250151234}
  - component: {fileID: 3200189329688503}
  - component: {fileID: 5984103178348723125}
  m_Layer: 0
  m_Name: Beard (1)
  m_TagString: Untagged
  m_Icon: {fileID: 0}
  m_NavMeshLayer: 0
  m_StaticEditorFlags: 0
  m_IsActive: 1
--- !u!4 &3478439933250151234
Transform:
  m_ObjectHideFlags: 0
  m_CorrespondingSourceObject: {fileID: 0}
  m_PrefabInstance: {fileID: 0}
  m_PrefabAsset: {fileID: 0}
  m_GameObject: {fileID: 7130155935242830222}
  m_LocalRotation: {x: -0.7071068, y: 0.00000019923179, z: 0.0000001394344, w: 0.70710677}
  m_LocalPosition: {x: 0, y: -1.2591181, z: 0}
  m_LocalScale: {x: 1, y: 1, z: 1}
  m_Children: []
  m_Father: {fileID: 6292868638189772538}
  m_RootOrder: 1
  m_LocalEulerAnglesHint: {x: 0, y: 0, z: 0}
--- !u!33 &3200189329688503
MeshFilter:
  m_ObjectHideFlags: 0
  m_CorrespondingSourceObject: {fileID: 0}
  m_PrefabInstance: {fileID: 0}
  m_PrefabAsset: {fileID: 0}
  m_GameObject: {fileID: 7130155935242830222}
  m_Mesh: {fileID: -9170140693750024869, guid: 11989b37e9ffdd7418c9741df4e57e6e, type: 3}
--- !u!23 &5984103178348723125
MeshRenderer:
  m_ObjectHideFlags: 0
  m_CorrespondingSourceObject: {fileID: 0}
  m_PrefabInstance: {fileID: 0}
  m_PrefabAsset: {fileID: 0}
  m_GameObject: {fileID: 7130155935242830222}
  m_Enabled: 1
  m_CastShadows: 1
  m_ReceiveShadows: 1
  m_DynamicOccludee: 1
  m_MotionVectors: 1
  m_LightProbeUsage: 1
  m_ReflectionProbeUsage: 1
  m_RayTracingMode: 2
  m_RayTraceProcedural: 0
  m_RenderingLayerMask: 1
  m_RendererPriority: 0
  m_Materials:
  - {fileID: -4288583467269203127, guid: 11989b37e9ffdd7418c9741df4e57e6e, type: 3}
  m_StaticBatchInfo:
    firstSubMesh: 0
    subMeshCount: 0
  m_StaticBatchRoot: {fileID: 0}
  m_ProbeAnchor: {fileID: 0}
  m_LightProbeVolumeOverride: {fileID: 0}
  m_ScaleInLightmap: 1
  m_ReceiveGI: 1
  m_PreserveUVs: 0
  m_IgnoreNormalsForChartDetection: 0
  m_ImportantGI: 0
  m_StitchLightmapSeams: 1
  m_SelectedEditorRenderState: 3
  m_MinimumChartSize: 4
  m_AutoUVMaxDistance: 0.5
  m_AutoUVMaxAngle: 89
  m_LightmapParameters: {fileID: 0}
  m_SortingLayerID: 0
  m_SortingLayer: 0
  m_SortingOrder: 0
  m_AdditionalVertexStreams: {fileID: 0}
--- !u!1 &7419382384583434773
GameObject:
  m_ObjectHideFlags: 0
  m_CorrespondingSourceObject: {fileID: 0}
  m_PrefabInstance: {fileID: 0}
  m_PrefabAsset: {fileID: 0}
  serializedVersion: 6
  m_Component:
  - component: {fileID: 7907512068152146095}
  - component: {fileID: 1527667380948238724}
  m_Layer: 0
  m_Name: EG Dwarf
  m_TagString: Player
  m_Icon: {fileID: 0}
  m_NavMeshLayer: 0
  m_StaticEditorFlags: 0
  m_IsActive: 1
--- !u!4 &7907512068152146095
Transform:
  m_ObjectHideFlags: 0
  m_CorrespondingSourceObject: {fileID: 0}
  m_PrefabInstance: {fileID: 0}
  m_PrefabAsset: {fileID: 0}
  m_GameObject: {fileID: 7419382384583434773}
  m_LocalRotation: {x: 0, y: 0, z: 0, w: 1}
  m_LocalPosition: {x: 0, y: 0, z: 0}
  m_LocalScale: {x: 2.5, y: 2.5, z: 2.5}
  m_Children:
  - {fileID: 6556544599692586797}
  - {fileID: 5286983393972584305}
  m_Father: {fileID: 0}
  m_RootOrder: 0
  m_LocalEulerAnglesHint: {x: 0, y: 0, z: 0}
--- !u!95 &1527667380948238724
Animator:
  serializedVersion: 3
  m_ObjectHideFlags: 0
  m_CorrespondingSourceObject: {fileID: 0}
  m_PrefabInstance: {fileID: 0}
  m_PrefabAsset: {fileID: 0}
  m_GameObject: {fileID: 7419382384583434773}
  m_Enabled: 1
  m_Avatar: {fileID: 0}
  m_Controller: {fileID: 9100000, guid: 03d905608913c0b42a83cba47cb6adb4, type: 2}
  m_CullingMode: 0
  m_UpdateMode: 0
  m_ApplyRootMotion: 0
  m_LinearVelocityBlending: 0
  m_WarningMessage: 
  m_HasTransformHierarchy: 1
  m_AllowConstantClipSamplingOptimization: 1
  m_KeepAnimatorControllerStateOnDisable: 0
--- !u!1 &7721297001647506646
GameObject:
  m_ObjectHideFlags: 0
  m_CorrespondingSourceObject: {fileID: 0}
  m_PrefabInstance: {fileID: 0}
  m_PrefabAsset: {fileID: 0}
  serializedVersion: 6
  m_Component:
  - component: {fileID: 6088722587914661775}
  m_Layer: 0
  m_Name: Lowerarm.R
  m_TagString: Untagged
  m_Icon: {fileID: 0}
  m_NavMeshLayer: 0
  m_StaticEditorFlags: 0
  m_IsActive: 1
--- !u!4 &6088722587914661775
Transform:
  m_ObjectHideFlags: 0
  m_CorrespondingSourceObject: {fileID: 0}
  m_PrefabInstance: {fileID: 0}
  m_PrefabAsset: {fileID: 0}
  m_GameObject: {fileID: 7721297001647506646}
  m_LocalRotation: {x: 0.80808, y: -0.077310115, z: 0.07301966, w: 0.5793945}
  m_LocalPosition: {x: -0.000000013038516, y: 0.19950394, z: 0.0000000027939677}
  m_LocalScale: {x: 1, y: 1.0000001, z: 1}
  m_Children:
  - {fileID: 3701545360473884816}
  m_Father: {fileID: 5506080815371608264}
  m_RootOrder: 0
  m_LocalEulerAnglesHint: {x: 38.595165, y: 24.74763, z: 9.470244}
--- !u!1 &8376340587492667849
GameObject:
  m_ObjectHideFlags: 0
  m_CorrespondingSourceObject: {fileID: 0}
  m_PrefabInstance: {fileID: 0}
  m_PrefabAsset: {fileID: 0}
  serializedVersion: 6
  m_Component:
  - component: {fileID: 6690134812136964398}
  m_Layer: 0
  m_Name: Hand.R_end
  m_TagString: Untagged
  m_Icon: {fileID: 0}
  m_NavMeshLayer: 0
  m_StaticEditorFlags: 0
  m_IsActive: 1
--- !u!4 &6690134812136964398
Transform:
  m_ObjectHideFlags: 0
  m_CorrespondingSourceObject: {fileID: 0}
  m_PrefabInstance: {fileID: 0}
  m_PrefabAsset: {fileID: 0}
  m_GameObject: {fileID: 8376340587492667849}
  m_LocalRotation: {x: 0, y: -0, z: -0, w: 1}
  m_LocalPosition: {x: -0, y: 0.07557613, z: 0}
  m_LocalScale: {x: 1, y: 1, z: 1}
  m_Children: []
  m_Father: {fileID: 3701545360473884816}
  m_RootOrder: 0
  m_LocalEulerAnglesHint: {x: 0, y: 0, z: 0}
--- !u!1 &8565772416169671677
GameObject:
  m_ObjectHideFlags: 0
  m_CorrespondingSourceObject: {fileID: 0}
  m_PrefabInstance: {fileID: 0}
  m_PrefabAsset: {fileID: 0}
  serializedVersion: 6
  m_Component:
  - component: {fileID: 6292868638189772538}
  m_Layer: 0
  m_Name: Head_end
  m_TagString: Untagged
  m_Icon: {fileID: 0}
  m_NavMeshLayer: 0
  m_StaticEditorFlags: 0
  m_IsActive: 1
--- !u!4 &6292868638189772538
Transform:
  m_ObjectHideFlags: 0
  m_CorrespondingSourceObject: {fileID: 0}
  m_PrefabInstance: {fileID: 0}
  m_PrefabAsset: {fileID: 0}
  m_GameObject: {fileID: 8565772416169671677}
  m_LocalRotation: {x: 0, y: -0, z: -0, w: 1}
  m_LocalPosition: {x: -0, y: 0.3630134, z: 0}
  m_LocalScale: {x: 1, y: 1, z: 1}
  m_Children:
  - {fileID: 6027132666500106006}
  - {fileID: 3478439933250151234}
  m_Father: {fileID: 2590146719458596229}
  m_RootOrder: 0
  m_LocalEulerAnglesHint: {x: 0, y: 0, z: 0}
