%YAML 1.1
%TAG !u! tag:unity3d.com,2011:
--- !u!29 &1
OcclusionCullingSettings:
  m_ObjectHideFlags: 0
  serializedVersion: 2
  m_OcclusionBakeSettings:
    smallestOccluder: 5
    smallestHole: 0.25
    backfaceThreshold: 100
  m_SceneGUID: 00000000000000000000000000000000
  m_OcclusionCullingData: {fileID: 0}
--- !u!104 &2
RenderSettings:
  m_ObjectHideFlags: 0
  serializedVersion: 9
  m_Fog: 0
  m_FogColor: {r: 0.5, g: 0.5, b: 0.5, a: 1}
  m_FogMode: 3
  m_FogDensity: 0.01
  m_LinearFogStart: 0
  m_LinearFogEnd: 300
  m_AmbientSkyColor: {r: 0.212, g: 0.227, b: 0.259, a: 1}
  m_AmbientEquatorColor: {r: 0.114, g: 0.125, b: 0.133, a: 1}
  m_AmbientGroundColor: {r: 0.047, g: 0.043, b: 0.035, a: 1}
  m_AmbientIntensity: 1
  m_AmbientMode: 0
  m_SubtractiveShadowColor: {r: 0.42, g: 0.478, b: 0.627, a: 1}
  m_SkyboxMaterial: {fileID: 10304, guid: 0000000000000000f000000000000000, type: 0}
  m_HaloStrength: 0.5
  m_FlareStrength: 1
  m_FlareFadeSpeed: 3
  m_HaloTexture: {fileID: 0}
  m_SpotCookie: {fileID: 10001, guid: 0000000000000000e000000000000000, type: 0}
  m_DefaultReflectionMode: 0
  m_DefaultReflectionResolution: 128
  m_ReflectionBounces: 1
  m_ReflectionIntensity: 1
  m_CustomReflection: {fileID: 0}
  m_Sun: {fileID: 0}
  m_IndirectSpecularColor: {r: 0.44657898, g: 0.4964133, b: 0.5748178, a: 1}
  m_UseRadianceAmbientProbe: 0
--- !u!157 &3
LightmapSettings:
  m_ObjectHideFlags: 0
  serializedVersion: 12
  m_GIWorkflowMode: 1
  m_GISettings:
    serializedVersion: 2
    m_BounceScale: 1
    m_IndirectOutputScale: 1
    m_AlbedoBoost: 1
    m_EnvironmentLightingMode: 0
    m_EnableBakedLightmaps: 1
    m_EnableRealtimeLightmaps: 0
  m_LightmapEditorSettings:
    serializedVersion: 12
    m_Resolution: 2
    m_BakeResolution: 40
    m_AtlasSize: 1024
    m_AO: 0
    m_AOMaxDistance: 1
    m_CompAOExponent: 1
    m_CompAOExponentDirect: 0
    m_ExtractAmbientOcclusion: 0
    m_Padding: 2
    m_LightmapParameters: {fileID: 0}
    m_LightmapsBakeMode: 1
    m_TextureCompression: 1
    m_FinalGather: 0
    m_FinalGatherFiltering: 1
    m_FinalGatherRayCount: 256
    m_ReflectionCompression: 2
    m_MixedBakeMode: 2
    m_BakeBackend: 1
    m_PVRSampling: 1
    m_PVRDirectSampleCount: 32
    m_PVRSampleCount: 512
    m_PVRBounces: 2
    m_PVREnvironmentSampleCount: 256
    m_PVREnvironmentReferencePointCount: 2048
    m_PVRFilteringMode: 1
    m_PVRDenoiserTypeDirect: 1
    m_PVRDenoiserTypeIndirect: 1
    m_PVRDenoiserTypeAO: 1
    m_PVRFilterTypeDirect: 0
    m_PVRFilterTypeIndirect: 0
    m_PVRFilterTypeAO: 0
    m_PVREnvironmentMIS: 1
    m_PVRCulling: 1
    m_PVRFilteringGaussRadiusDirect: 1
    m_PVRFilteringGaussRadiusIndirect: 5
    m_PVRFilteringGaussRadiusAO: 2
    m_PVRFilteringAtrousPositionSigmaDirect: 0.5
    m_PVRFilteringAtrousPositionSigmaIndirect: 2
    m_PVRFilteringAtrousPositionSigmaAO: 1
    m_ExportTrainingData: 0
    m_TrainingDataDestination: TrainingData
    m_LightProbeSampleCountMultiplier: 4
  m_LightingDataAsset: {fileID: 0}
  m_LightingSettings: {fileID: 0}
--- !u!196 &4
NavMeshSettings:
  serializedVersion: 2
  m_ObjectHideFlags: 0
  m_BuildSettings:
    serializedVersion: 2
    agentTypeID: 0
    agentRadius: 0.5
    agentHeight: 2
    agentSlope: 45
    agentClimb: 0.4
    ledgeDropHeight: 0
    maxJumpAcrossDistance: 0
    minRegionArea: 2
    manualCellSize: 0
    cellSize: 0.16666667
    manualTileSize: 0
    tileSize: 256
    accuratePlacement: 0
    maxJobWorkers: 0
    preserveTilesOutsideBounds: 0
    debug:
      m_Flags: 0
  m_NavMeshData: {fileID: 0}
--- !u!1001 &195527630
PrefabInstance:
  m_ObjectHideFlags: 0
  serializedVersion: 2
  m_Modification:
    m_TransformParent: {fileID: 0}
    m_Modifications:
    - target: {fileID: -8679921383154817045, guid: 11989b37e9ffdd7418c9741df4e57e6e, type: 3}
      propertyPath: m_RootOrder
      value: 4
      objectReference: {fileID: 0}
    - target: {fileID: -8679921383154817045, guid: 11989b37e9ffdd7418c9741df4e57e6e, type: 3}
      propertyPath: m_LocalPosition.x
      value: 0.323
      objectReference: {fileID: 0}
    - target: {fileID: -8679921383154817045, guid: 11989b37e9ffdd7418c9741df4e57e6e, type: 3}
      propertyPath: m_LocalPosition.y
      value: 0
      objectReference: {fileID: 0}
    - target: {fileID: -8679921383154817045, guid: 11989b37e9ffdd7418c9741df4e57e6e, type: 3}
      propertyPath: m_LocalPosition.z
      value: -6.732
      objectReference: {fileID: 0}
    - target: {fileID: -8679921383154817045, guid: 11989b37e9ffdd7418c9741df4e57e6e, type: 3}
      propertyPath: m_LocalRotation.w
      value: 0
      objectReference: {fileID: 0}
    - target: {fileID: -8679921383154817045, guid: 11989b37e9ffdd7418c9741df4e57e6e, type: 3}
      propertyPath: m_LocalRotation.x
      value: 0
      objectReference: {fileID: 0}
    - target: {fileID: -8679921383154817045, guid: 11989b37e9ffdd7418c9741df4e57e6e, type: 3}
      propertyPath: m_LocalRotation.y
      value: 1
      objectReference: {fileID: 0}
    - target: {fileID: -8679921383154817045, guid: 11989b37e9ffdd7418c9741df4e57e6e, type: 3}
      propertyPath: m_LocalRotation.z
      value: 0
      objectReference: {fileID: 0}
    - target: {fileID: -8679921383154817045, guid: 11989b37e9ffdd7418c9741df4e57e6e, type: 3}
      propertyPath: m_LocalEulerAnglesHint.x
      value: 0
      objectReference: {fileID: 0}
    - target: {fileID: -8679921383154817045, guid: 11989b37e9ffdd7418c9741df4e57e6e, type: 3}
      propertyPath: m_LocalEulerAnglesHint.y
      value: 180
      objectReference: {fileID: 0}
    - target: {fileID: -8679921383154817045, guid: 11989b37e9ffdd7418c9741df4e57e6e, type: 3}
      propertyPath: m_LocalEulerAnglesHint.z
      value: 0
      objectReference: {fileID: 0}
    - target: {fileID: 919132149155446097, guid: 11989b37e9ffdd7418c9741df4e57e6e, type: 3}
      propertyPath: m_Name
      value: dwarfbonesDeath
      objectReference: {fileID: 0}
    m_RemovedComponents: []
  m_SourcePrefab: {fileID: 100100000, guid: 11989b37e9ffdd7418c9741df4e57e6e, type: 3}
--- !u!4 &205971345 stripped
Transform:
  m_CorrespondingSourceObject: {fileID: 7855336785395853989, guid: 783735af196097f4f9d05675124b22ca, type: 3}
  m_PrefabInstance: {fileID: 1675273894}
  m_PrefabAsset: {fileID: 0}
--- !u!1001 &561340203
PrefabInstance:
  m_ObjectHideFlags: 0
  serializedVersion: 2
  m_Modification:
    m_TransformParent: {fileID: 205971345}
    m_Modifications:
    - target: {fileID: -8679921383154817045, guid: 62c0df3ef131ad645a777446c01ed0f8, type: 3}
      propertyPath: m_RootOrder
      value: 1
      objectReference: {fileID: 0}
    - target: {fileID: -8679921383154817045, guid: 62c0df3ef131ad645a777446c01ed0f8, type: 3}
      propertyPath: m_LocalScale.x
      value: 0.07
      objectReference: {fileID: 0}
    - target: {fileID: -8679921383154817045, guid: 62c0df3ef131ad645a777446c01ed0f8, type: 3}
      propertyPath: m_LocalScale.y
      value: 0.069999985
      objectReference: {fileID: 0}
    - target: {fileID: -8679921383154817045, guid: 62c0df3ef131ad645a777446c01ed0f8, type: 3}
      propertyPath: m_LocalScale.z
      value: 0.069999985
      objectReference: {fileID: 0}
    - target: {fileID: -8679921383154817045, guid: 62c0df3ef131ad645a777446c01ed0f8, type: 3}
      propertyPath: m_LocalPosition.x
      value: 0.037
      objectReference: {fileID: 0}
    - target: {fileID: -8679921383154817045, guid: 62c0df3ef131ad645a777446c01ed0f8, type: 3}
      propertyPath: m_LocalPosition.y
      value: 0.051
      objectReference: {fileID: 0}
    - target: {fileID: -8679921383154817045, guid: 62c0df3ef131ad645a777446c01ed0f8, type: 3}
      propertyPath: m_LocalPosition.z
      value: -0
      objectReference: {fileID: 0}
    - target: {fileID: -8679921383154817045, guid: 62c0df3ef131ad645a777446c01ed0f8, type: 3}
      propertyPath: m_LocalRotation.w
      value: -0.49595192
      objectReference: {fileID: 0}
    - target: {fileID: -8679921383154817045, guid: 62c0df3ef131ad645a777446c01ed0f8, type: 3}
      propertyPath: m_LocalRotation.x
      value: -0.4959522
      objectReference: {fileID: 0}
    - target: {fileID: -8679921383154817045, guid: 62c0df3ef131ad645a777446c01ed0f8, type: 3}
      propertyPath: m_LocalRotation.y
      value: -0.5040157
      objectReference: {fileID: 0}
    - target: {fileID: -8679921383154817045, guid: 62c0df3ef131ad645a777446c01ed0f8, type: 3}
      propertyPath: m_LocalRotation.z
      value: -0.50401527
      objectReference: {fileID: 0}
    - target: {fileID: -8679921383154817045, guid: 62c0df3ef131ad645a777446c01ed0f8, type: 3}
      propertyPath: m_LocalEulerAnglesHint.x
      value: 0
      objectReference: {fileID: 0}
    - target: {fileID: -8679921383154817045, guid: 62c0df3ef131ad645a777446c01ed0f8, type: 3}
      propertyPath: m_LocalEulerAnglesHint.y
      value: 0
      objectReference: {fileID: 0}
    - target: {fileID: -8679921383154817045, guid: 62c0df3ef131ad645a777446c01ed0f8, type: 3}
      propertyPath: m_LocalEulerAnglesHint.z
      value: 0
      objectReference: {fileID: 0}
    - target: {fileID: 919132149155446097, guid: 62c0df3ef131ad645a777446c01ed0f8, type: 3}
      propertyPath: m_Name
      value: torch
      objectReference: {fileID: 0}
    m_RemovedComponents: []
  m_SourcePrefab: {fileID: 100100000, guid: 62c0df3ef131ad645a777446c01ed0f8, type: 3}
--- !u!1001 &567336567
PrefabInstance:
  m_ObjectHideFlags: 0
  serializedVersion: 2
  m_Modification:
    m_TransformParent: {fileID: 0}
    m_Modifications:
    - target: {fileID: -8679921383154817045, guid: 96ac15ce271dc9840935c17e9852bcff, type: 3}
      propertyPath: m_RootOrder
      value: 1
      objectReference: {fileID: 0}
    - target: {fileID: -8679921383154817045, guid: 96ac15ce271dc9840935c17e9852bcff, type: 3}
      propertyPath: m_LocalPosition.x
      value: -0.592
      objectReference: {fileID: 0}
    - target: {fileID: -8679921383154817045, guid: 96ac15ce271dc9840935c17e9852bcff, type: 3}
      propertyPath: m_LocalPosition.y
      value: 0
      objectReference: {fileID: 0}
    - target: {fileID: -8679921383154817045, guid: 96ac15ce271dc9840935c17e9852bcff, type: 3}
      propertyPath: m_LocalPosition.z
      value: -5.69
      objectReference: {fileID: 0}
    - target: {fileID: -8679921383154817045, guid: 96ac15ce271dc9840935c17e9852bcff, type: 3}
      propertyPath: m_LocalRotation.w
      value: 0
      objectReference: {fileID: 0}
    - target: {fileID: -8679921383154817045, guid: 96ac15ce271dc9840935c17e9852bcff, type: 3}
      propertyPath: m_LocalRotation.x
      value: 0
      objectReference: {fileID: 0}
    - target: {fileID: -8679921383154817045, guid: 96ac15ce271dc9840935c17e9852bcff, type: 3}
      propertyPath: m_LocalRotation.y
      value: 1
      objectReference: {fileID: 0}
    - target: {fileID: -8679921383154817045, guid: 96ac15ce271dc9840935c17e9852bcff, type: 3}
      propertyPath: m_LocalRotation.z
      value: 0
      objectReference: {fileID: 0}
    - target: {fileID: -8679921383154817045, guid: 96ac15ce271dc9840935c17e9852bcff, type: 3}
      propertyPath: m_LocalEulerAnglesHint.x
      value: 0
      objectReference: {fileID: 0}
    - target: {fileID: -8679921383154817045, guid: 96ac15ce271dc9840935c17e9852bcff, type: 3}
      propertyPath: m_LocalEulerAnglesHint.y
      value: 180
      objectReference: {fileID: 0}
    - target: {fileID: -8679921383154817045, guid: 96ac15ce271dc9840935c17e9852bcff, type: 3}
      propertyPath: m_LocalEulerAnglesHint.z
      value: 0
      objectReference: {fileID: 0}
    - target: {fileID: 919132149155446097, guid: 96ac15ce271dc9840935c17e9852bcff, type: 3}
      propertyPath: m_Name
      value: BarbarTorchAnimation
      objectReference: {fileID: 0}
    m_RemovedComponents: []
  m_SourcePrefab: {fileID: 100100000, guid: 96ac15ce271dc9840935c17e9852bcff, type: 3}
--- !u!1 &608088358
GameObject:
  m_ObjectHideFlags: 0
  m_CorrespondingSourceObject: {fileID: 0}
  m_PrefabInstance: {fileID: 0}
  m_PrefabAsset: {fileID: 0}
  serializedVersion: 6
  m_Component:
  - component: {fileID: 608088361}
  - component: {fileID: 608088360}
  - component: {fileID: 608088359}
  - component: {fileID: 608088362}
  m_Layer: 0
  m_Name: Main Camera
  m_TagString: MainCamera
  m_Icon: {fileID: 0}
  m_NavMeshLayer: 0
  m_StaticEditorFlags: 0
  m_IsActive: 1
--- !u!81 &608088359
AudioListener:
  m_ObjectHideFlags: 0
  m_CorrespondingSourceObject: {fileID: 0}
  m_PrefabInstance: {fileID: 0}
  m_PrefabAsset: {fileID: 0}
  m_GameObject: {fileID: 608088358}
  m_Enabled: 1
--- !u!20 &608088360
Camera:
  m_ObjectHideFlags: 0
  m_CorrespondingSourceObject: {fileID: 0}
  m_PrefabInstance: {fileID: 0}
  m_PrefabAsset: {fileID: 0}
  m_GameObject: {fileID: 608088358}
  m_Enabled: 1
  serializedVersion: 2
  m_ClearFlags: 1
  m_BackGroundColor: {r: 0.19215687, g: 0.3019608, b: 0.4745098, a: 0}
  m_projectionMatrixMode: 1
  m_GateFitMode: 2
  m_FOVAxisMode: 0
  m_SensorSize: {x: 36, y: 24}
  m_LensShift: {x: 0, y: 0}
  m_FocalLength: 50
  m_NormalizedViewPortRect:
    serializedVersion: 2
    x: 0
    y: 0
    width: 1
    height: 1
  near clip plane: 0.3
  far clip plane: 1000
  field of view: 60
  orthographic: 0
  orthographic size: 5
  m_Depth: -1
  m_CullingMask:
    serializedVersion: 2
    m_Bits: 4294967295
  m_RenderingPath: -1
  m_TargetTexture: {fileID: 0}
  m_TargetDisplay: 0
  m_TargetEye: 3
  m_HDR: 1
  m_AllowMSAA: 1
  m_AllowDynamicResolution: 0
  m_ForceIntoRT: 0
  m_OcclusionCulling: 1
  m_StereoConvergence: 10
  m_StereoSeparation: 0.022
--- !u!4 &608088361
Transform:
  m_ObjectHideFlags: 0
  m_CorrespondingSourceObject: {fileID: 0}
  m_PrefabInstance: {fileID: 0}
  m_PrefabAsset: {fileID: 0}
  m_GameObject: {fileID: 608088358}
  m_LocalRotation: {x: 0, y: 0, z: 0, w: 1}
  m_LocalPosition: {x: 0, y: 1, z: -10}
  m_LocalScale: {x: 1, y: 1, z: 1}
  m_Children: []
  m_Father: {fileID: 0}
  m_RootOrder: 0
  m_LocalEulerAnglesHint: {x: 0, y: 0, z: 0}
--- !u!114 &608088362
MonoBehaviour:
  m_ObjectHideFlags: 0
  m_CorrespondingSourceObject: {fileID: 0}
  m_PrefabInstance: {fileID: 0}
  m_PrefabAsset: {fileID: 0}
  m_GameObject: {fileID: 608088358}
  m_Enabled: 1
  m_EditorHideFlags: 0
  m_Script: {fileID: 11500000, guid: a79441f348de89743a2939f4d699eac1, type: 3}
  m_Name: 
  m_EditorClassIdentifier: 
  m_RenderShadows: 1
  m_RequiresDepthTextureOption: 2
  m_RequiresOpaqueTextureOption: 2
  m_CameraType: 0
  m_Cameras: []
  m_RendererIndex: -1
  m_VolumeLayerMask:
    serializedVersion: 2
    m_Bits: 1
  m_VolumeTrigger: {fileID: 0}
  m_RenderPostProcessing: 0
  m_Antialiasing: 0
  m_AntialiasingQuality: 2
  m_StopNaN: 0
  m_Dithering: 0
  m_ClearDepth: 1
  m_AllowXRRendering: 1
  m_RequiresDepthTexture: 0
  m_RequiresColorTexture: 0
  m_Version: 2
--- !u!1 &630964330 stripped
GameObject:
  m_CorrespondingSourceObject: {fileID: 919132149155446097, guid: 783735af196097f4f9d05675124b22ca, type: 3}
  m_PrefabInstance: {fileID: 1675273894}
  m_PrefabAsset: {fileID: 0}
--- !u!95 &630964331
Animator:
  serializedVersion: 3
  m_ObjectHideFlags: 0
  m_CorrespondingSourceObject: {fileID: 0}
  m_PrefabInstance: {fileID: 0}
  m_PrefabAsset: {fileID: 0}
  m_GameObject: {fileID: 630964330}
  m_Enabled: 1
  m_Avatar: {fileID: 0}
  m_Controller: {fileID: 9100000, guid: 7e0f112feeaf4814b960e4a0297ad81b, type: 2}
  m_CullingMode: 0
  m_UpdateMode: 0
  m_ApplyRootMotion: 0
  m_LinearVelocityBlending: 0
  m_WarningMessage: 
  m_HasTransformHierarchy: 1
  m_AllowConstantClipSamplingOptimization: 1
  m_KeepAnimatorControllerStateOnDisable: 0
--- !u!1 &1259481490
GameObject:
  m_ObjectHideFlags: 0
  m_CorrespondingSourceObject: {fileID: 0}
  m_PrefabInstance: {fileID: 0}
  m_PrefabAsset: {fileID: 0}
  serializedVersion: 6
  m_Component:
  - component: {fileID: 1259481492}
  - component: {fileID: 1259481491}
  m_Layer: 0
  m_Name: Directional Light
  m_TagString: Untagged
  m_Icon: {fileID: 0}
  m_NavMeshLayer: 0
  m_StaticEditorFlags: 0
  m_IsActive: 1
--- !u!108 &1259481491
Light:
  m_ObjectHideFlags: 0
  m_CorrespondingSourceObject: {fileID: 0}
  m_PrefabInstance: {fileID: 0}
  m_PrefabAsset: {fileID: 0}
  m_GameObject: {fileID: 1259481490}
  m_Enabled: 1
  serializedVersion: 10
  m_Type: 1
  m_Shape: 0
  m_Color: {r: 1, g: 0.95686275, b: 0.8392157, a: 1}
  m_Intensity: 1
  m_Range: 10
  m_SpotAngle: 30
  m_InnerSpotAngle: 21.80208
  m_CookieSize: 10
  m_Shadows:
    m_Type: 2
    m_Resolution: -1
    m_CustomResolution: -1
    m_Strength: 1
    m_Bias: 0.05
    m_NormalBias: 0.4
    m_NearPlane: 0.2
    m_CullingMatrixOverride:
      e00: 1
      e01: 0
      e02: 0
      e03: 0
      e10: 0
      e11: 1
      e12: 0
      e13: 0
      e20: 0
      e21: 0
      e22: 1
      e23: 0
      e30: 0
      e31: 0
      e32: 0
      e33: 1
    m_UseCullingMatrixOverride: 0
  m_Cookie: {fileID: 0}
  m_DrawHalo: 0
  m_Flare: {fileID: 0}
  m_RenderMode: 0
  m_CullingMask:
    serializedVersion: 2
    m_Bits: 4294967295
  m_RenderingLayerMask: 1
  m_Lightmapping: 4
  m_LightShadowCasterMode: 0
  m_AreaSize: {x: 1, y: 1}
  m_BounceIntensity: 1
  m_ColorTemperature: 6570
  m_UseColorTemperature: 0
  m_BoundingSphereOverride: {x: 0, y: 0, z: 0, w: 0}
  m_UseBoundingSphereOverride: 0
  m_UseViewFrustumForShadowCasterCull: 1
  m_ShadowRadius: 0
  m_ShadowAngle: 0
--- !u!4 &1259481492
Transform:
  m_ObjectHideFlags: 0
  m_CorrespondingSourceObject: {fileID: 0}
  m_PrefabInstance: {fileID: 0}
  m_PrefabAsset: {fileID: 0}
  m_GameObject: {fileID: 1259481490}
  m_LocalRotation: {x: 0.40821788, y: -0.23456968, z: 0.10938163, w: 0.8754261}
  m_LocalPosition: {x: 0, y: 3, z: 0}
  m_LocalScale: {x: 1, y: 1, z: 1}
  m_Children: []
  m_Father: {fileID: 0}
  m_RootOrder: 5
  m_LocalEulerAnglesHint: {x: 50, y: -30, z: 0}
--- !u!1 &1459376393 stripped
GameObject:
  m_CorrespondingSourceObject: {fileID: 919132149155446097, guid: 807cfd3ddc3bbe74987a1573a8f2aa92, type: 3}
  m_PrefabInstance: {fileID: 1668113212}
  m_PrefabAsset: {fileID: 0}
--- !u!95 &1459376394
Animator:
  serializedVersion: 3
  m_ObjectHideFlags: 0
  m_CorrespondingSourceObject: {fileID: 0}
  m_PrefabInstance: {fileID: 0}
  m_PrefabAsset: {fileID: 0}
  m_GameObject: {fileID: 1459376393}
  m_Enabled: 1
  m_Avatar: {fileID: 0}
  m_Controller: {fileID: 9100000, guid: dabda39bf32a84641b79a8a8a9a52e05, type: 2}
  m_CullingMode: 0
  m_UpdateMode: 0
  m_ApplyRootMotion: 0
  m_LinearVelocityBlending: 0
  m_WarningMessage: 
  m_HasTransformHierarchy: 1
  m_AllowConstantClipSamplingOptimization: 1
  m_KeepAnimatorControllerStateOnDisable: 0
--- !u!1 &1490258230 stripped
GameObject:
  m_CorrespondingSourceObject: {fileID: 919132149155446097, guid: 96ac15ce271dc9840935c17e9852bcff, type: 3}
  m_PrefabInstance: {fileID: 567336567}
  m_PrefabAsset: {fileID: 0}
--- !u!95 &1490258231
Animator:
  serializedVersion: 3
  m_ObjectHideFlags: 0
  m_CorrespondingSourceObject: {fileID: 0}
  m_PrefabInstance: {fileID: 0}
  m_PrefabAsset: {fileID: 0}
  m_GameObject: {fileID: 1490258230}
  m_Enabled: 1
  m_Avatar: {fileID: 0}
  m_Controller: {fileID: 9100000, guid: b7120157b712f1b4ba719ca542036232, type: 2}
  m_CullingMode: 0
  m_UpdateMode: 0
  m_ApplyRootMotion: 0
  m_LinearVelocityBlending: 0
  m_WarningMessage: 
  m_HasTransformHierarchy: 1
  m_AllowConstantClipSamplingOptimization: 1
  m_KeepAnimatorControllerStateOnDisable: 0
--- !u!1001 &1668113212
PrefabInstance:
  m_ObjectHideFlags: 0
  serializedVersion: 2
  m_Modification:
    m_TransformParent: {fileID: 0}
    m_Modifications:
    - target: {fileID: -8679921383154817045, guid: 807cfd3ddc3bbe74987a1573a8f2aa92, type: 3}
      propertyPath: m_RootOrder
      value: 2
      objectReference: {fileID: 0}
    - target: {fileID: -8679921383154817045, guid: 807cfd3ddc3bbe74987a1573a8f2aa92, type: 3}
      propertyPath: m_LocalPosition.x
      value: 0.573
      objectReference: {fileID: 0}
    - target: {fileID: -8679921383154817045, guid: 807cfd3ddc3bbe74987a1573a8f2aa92, type: 3}
      propertyPath: m_LocalPosition.y
      value: 0
      objectReference: {fileID: 0}
    - target: {fileID: -8679921383154817045, guid: 807cfd3ddc3bbe74987a1573a8f2aa92, type: 3}
      propertyPath: m_LocalPosition.z
      value: -7.496
      objectReference: {fileID: 0}
    - target: {fileID: -8679921383154817045, guid: 807cfd3ddc3bbe74987a1573a8f2aa92, type: 3}
      propertyPath: m_LocalRotation.w
      value: 0
      objectReference: {fileID: 0}
    - target: {fileID: -8679921383154817045, guid: 807cfd3ddc3bbe74987a1573a8f2aa92, type: 3}
      propertyPath: m_LocalRotation.x
      value: 0
      objectReference: {fileID: 0}
    - target: {fileID: -8679921383154817045, guid: 807cfd3ddc3bbe74987a1573a8f2aa92, type: 3}
      propertyPath: m_LocalRotation.y
      value: 1
      objectReference: {fileID: 0}
    - target: {fileID: -8679921383154817045, guid: 807cfd3ddc3bbe74987a1573a8f2aa92, type: 3}
      propertyPath: m_LocalRotation.z
      value: 0
      objectReference: {fileID: 0}
    - target: {fileID: -8679921383154817045, guid: 807cfd3ddc3bbe74987a1573a8f2aa92, type: 3}
      propertyPath: m_LocalEulerAnglesHint.x
      value: 0
      objectReference: {fileID: 0}
    - target: {fileID: -8679921383154817045, guid: 807cfd3ddc3bbe74987a1573a8f2aa92, type: 3}
      propertyPath: m_LocalEulerAnglesHint.y
      value: 180
      objectReference: {fileID: 0}
    - target: {fileID: -8679921383154817045, guid: 807cfd3ddc3bbe74987a1573a8f2aa92, type: 3}
      propertyPath: m_LocalEulerAnglesHint.z
      value: 0
      objectReference: {fileID: 0}
    - target: {fileID: 919132149155446097, guid: 807cfd3ddc3bbe74987a1573a8f2aa92, type: 3}
      propertyPath: m_Name
      value: WizardCharacterBones
      objectReference: {fileID: 0}
    m_RemovedComponents: []
  m_SourcePrefab: {fileID: 100100000, guid: 807cfd3ddc3bbe74987a1573a8f2aa92, type: 3}
--- !u!1001 &1675273894
PrefabInstance:
  m_ObjectHideFlags: 0
  serializedVersion: 2
  m_Modification:
    m_TransformParent: {fileID: 0}
    m_Modifications:
    - target: {fileID: -8679921383154817045, guid: 783735af196097f4f9d05675124b22ca, type: 3}
      propertyPath: m_RootOrder
      value: 3
      objectReference: {fileID: 0}
    - target: {fileID: -8679921383154817045, guid: 783735af196097f4f9d05675124b22ca, type: 3}
      propertyPath: m_LocalPosition.x
      value: -0.541
      objectReference: {fileID: 0}
    - target: {fileID: -8679921383154817045, guid: 783735af196097f4f9d05675124b22ca, type: 3}
      propertyPath: m_LocalPosition.y
      value: 0
      objectReference: {fileID: 0}
    - target: {fileID: -8679921383154817045, guid: 783735af196097f4f9d05675124b22ca, type: 3}
      propertyPath: m_LocalPosition.z
      value: -7.86
      objectReference: {fileID: 0}
    - target: {fileID: -8679921383154817045, guid: 783735af196097f4f9d05675124b22ca, type: 3}
      propertyPath: m_LocalRotation.w
      value: 0
      objectReference: {fileID: 0}
    - target: {fileID: -8679921383154817045, guid: 783735af196097f4f9d05675124b22ca, type: 3}
      propertyPath: m_LocalRotation.x
      value: 0
      objectReference: {fileID: 0}
    - target: {fileID: -8679921383154817045, guid: 783735af196097f4f9d05675124b22ca, type: 3}
      propertyPath: m_LocalRotation.y
      value: 1
      objectReference: {fileID: 0}
    - target: {fileID: -8679921383154817045, guid: 783735af196097f4f9d05675124b22ca, type: 3}
      propertyPath: m_LocalRotation.z
      value: 0
      objectReference: {fileID: 0}
    - target: {fileID: -8679921383154817045, guid: 783735af196097f4f9d05675124b22ca, type: 3}
      propertyPath: m_LocalEulerAnglesHint.x
      value: 0
      objectReference: {fileID: 0}
    - target: {fileID: -8679921383154817045, guid: 783735af196097f4f9d05675124b22ca, type: 3}
      propertyPath: m_LocalEulerAnglesHint.y
      value: 180
      objectReference: {fileID: 0}
    - target: {fileID: -8679921383154817045, guid: 783735af196097f4f9d05675124b22ca, type: 3}
      propertyPath: m_LocalEulerAnglesHint.z
      value: 0
      objectReference: {fileID: 0}
    - target: {fileID: 919132149155446097, guid: 783735af196097f4f9d05675124b22ca, type: 3}
      propertyPath: m_Name
      value: knightbonesfeather
      objectReference: {fileID: 0}
    - target: {fileID: 6114178420475313924, guid: 783735af196097f4f9d05675124b22ca, type: 3}
      propertyPath: m_IsActive
      value: 0
      objectReference: {fileID: 0}
    m_RemovedComponents: []
  m_SourcePrefab: {fileID: 100100000, guid: 783735af196097f4f9d05675124b22ca, type: 3}
--- !u!1 &1903427412 stripped
GameObject:
  m_CorrespondingSourceObject: {fileID: 919132149155446097, guid: 11989b37e9ffdd7418c9741df4e57e6e, type: 3}
  m_PrefabInstance: {fileID: 195527630}
  m_PrefabAsset: {fileID: 0}
--- !u!95 &1903427413
Animator:
  serializedVersion: 3
  m_ObjectHideFlags: 0
  m_CorrespondingSourceObject: {fileID: 0}
  m_PrefabInstance: {fileID: 0}
  m_PrefabAsset: {fileID: 0}
  m_GameObject: {fileID: 1903427412}
  m_Enabled: 1
  m_Avatar: {fileID: 0}
  m_Controller: {fileID: 9100000, guid: 82faca85c6ad62c49a3476c94e5881df, type: 2}
  m_CullingMode: 0
  m_UpdateMode: 0
  m_ApplyRootMotion: 0
  m_LinearVelocityBlending: 0
  m_WarningMessage: 
  m_HasTransformHierarchy: 1
  m_AllowConstantClipSamplingOptimization: 1
  m_KeepAnimatorControllerStateOnDisable: 0
--- !u!1 &3026050837279673
GameObject:
  m_ObjectHideFlags: 0
  m_CorrespondingSourceObject: {fileID: 7494739376724874152, guid: c9bcf0cb9dc7df5499cd52cc1525e48f, type: 3}
  m_PrefabInstance: {fileID: 7496358043247697937}
  m_PrefabAsset: {fileID: 0}
  serializedVersion: 6
  m_Component:
  - component: {fileID: 290978797230240092}
  m_Layer: 0
  m_Name: Shoulder.R
  m_TagString: Untagged
  m_Icon: {fileID: 0}
  m_NavMeshLayer: 0
  m_StaticEditorFlags: 0
  m_IsActive: 1
--- !u!1 &65405346299463646
GameObject:
  m_ObjectHideFlags: 0
  m_CorrespondingSourceObject: {fileID: 7557097609790007247, guid: c9bcf0cb9dc7df5499cd52cc1525e48f, type: 3}
  m_PrefabInstance: {fileID: 7496358043247697937}
  m_PrefabAsset: {fileID: 0}
  serializedVersion: 6
  m_Component:
  - component: {fileID: 6673264840366514561}
  m_Layer: 0
  m_Name: Hand.R
  m_TagString: Untagged
  m_Icon: {fileID: 0}
  m_NavMeshLayer: 0
  m_StaticEditorFlags: 0
  m_IsActive: 1
--- !u!1 &236471119321755101
GameObject:
  m_ObjectHideFlags: 0
  m_CorrespondingSourceObject: {fileID: 7728305425961192908, guid: c9bcf0cb9dc7df5499cd52cc1525e48f, type: 3}
  m_PrefabInstance: {fileID: 7496358043247697937}
  m_PrefabAsset: {fileID: 0}
  serializedVersion: 6
  m_Component:
  - component: {fileID: 6071608010584030213}
  m_Layer: 0
  m_Name: Lowerarm.L
  m_TagString: Untagged
  m_Icon: {fileID: 0}
  m_NavMeshLayer: 0
  m_StaticEditorFlags: 0
  m_IsActive: 1
--- !u!4 &290978797230240092
Transform:
  m_ObjectHideFlags: 0
  m_CorrespondingSourceObject: {fileID: 7782688826735972685, guid: c9bcf0cb9dc7df5499cd52cc1525e48f, type: 3}
  m_PrefabInstance: {fileID: 7496358043247697937}
  m_PrefabAsset: {fileID: 0}
  m_GameObject: {fileID: 3026050837279673}
  m_LocalRotation: {x: 0.008947499, y: 0.031340457, z: -0.7877663, w: 0.6151114}
  m_LocalPosition: {x: -0.000000010884833, y: 0.16601923, z: -0.0000000036670826}
  m_LocalScale: {x: 1.0000001, y: 1, z: 0.99999994}
  m_Children:
  - {fileID: 6188827605839034582}
  m_Father: {fileID: 1250610022041040127}
  m_RootOrder: 2
  m_LocalEulerAnglesHint: {x: 0, y: 0, z: 0}
--- !u!4 &441192458449050152
Transform:
  m_ObjectHideFlags: 0
  m_CorrespondingSourceObject: {fileID: 7932817894399031865, guid: c9bcf0cb9dc7df5499cd52cc1525e48f, type: 3}
  m_PrefabInstance: {fileID: 7496358043247697937}
  m_PrefabAsset: {fileID: 0}
  m_GameObject: {fileID: 1650059850291726198}
  m_LocalRotation: {x: -0.023658372, y: -0.60091686, z: 0.18878661, w: 0.7763368}
  m_LocalPosition: {x: 0.000000022351742, y: 0.15401733, z: -0.000000013038516}
  m_LocalScale: {x: 1, y: 0.9999999, z: 1.0000001}
  m_Children:
  - {fileID: 6444295519463210818}
  m_Father: {fileID: 6071608010584030213}
  m_RootOrder: 0
  m_LocalEulerAnglesHint: {x: 0, y: 0, z: 0}
--- !u!1 &666601470091003249
GameObject:
  m_ObjectHideFlags: 0
  m_CorrespondingSourceObject: {fileID: 7009948945991132512, guid: c9bcf0cb9dc7df5499cd52cc1525e48f, type: 3}
  m_PrefabInstance: {fileID: 7496358043247697937}
  m_PrefabAsset: {fileID: 0}
  serializedVersion: 6
  m_Component:
  - component: {fileID: 1432132397611110203}
  m_Layer: 0
  m_Name: Armature
  m_TagString: Untagged
  m_Icon: {fileID: 0}
  m_NavMeshLayer: 0
  m_StaticEditorFlags: 0
  m_IsActive: 1
--- !u!4 &724463432181619434
Transform:
  m_ObjectHideFlags: 0
  m_CorrespondingSourceObject: {fileID: 7063234433584331515, guid: c9bcf0cb9dc7df5499cd52cc1525e48f, type: 3}
  m_PrefabInstance: {fileID: 7496358043247697937}
  m_PrefabAsset: {fileID: 0}
  m_GameObject: {fileID: 6794942266241869180}
  m_LocalRotation: {x: 0.019530812, y: -0.012794777, z: 0.7525474, w: 0.65812415}
  m_LocalPosition: {x: -0.000000010884833, y: 0.16601923, z: -0.0000000036670826}
  m_LocalScale: {x: 1.0000001, y: 1.0000001, z: 1}
  m_Children:
  - {fileID: 3030954640640267317}
  m_Father: {fileID: 1250610022041040127}
  m_RootOrder: 1
  m_LocalEulerAnglesHint: {x: 0, y: 0, z: 0}
--- !u!4 &1040572931993316964
Transform:
  m_ObjectHideFlags: 0
  m_CorrespondingSourceObject: {fileID: 7383847842281082485, guid: c9bcf0cb9dc7df5499cd52cc1525e48f, type: 3}
  m_PrefabInstance: {fileID: 7496358043247697937}
  m_PrefabAsset: {fileID: 0}
  m_GameObject: {fileID: 4340471810579285834}
  m_LocalRotation: {x: -0.3591438, y: 0.49110085, z: 0.5246809, w: 0.5954374}
  m_LocalPosition: {x: -0.48931196, y: 0.102258965, z: -0.47752315}
  m_LocalScale: {x: 1, y: 1.0000005, z: 1.0000004}
  m_Children: []
  m_Father: {fileID: 8029673498968039333}
  m_RootOrder: 4
  m_LocalEulerAnglesHint: {x: 0, y: 0, z: 0}
--- !u!4 &1250610022041040127
Transform:
  m_ObjectHideFlags: 0
  m_CorrespondingSourceObject: {fileID: 8742444397282940142, guid: c9bcf0cb9dc7df5499cd52cc1525e48f, type: 3}
  m_PrefabInstance: {fileID: 7496358043247697937}
  m_PrefabAsset: {fileID: 0}
  m_GameObject: {fileID: 6113331480640105228}
  m_LocalRotation: {x: 0.06698386, y: 3.5639575e-10, z: 7.875722e-10, w: 0.99775404}
  m_LocalPosition: {x: -0.0000000013242243, y: 0.17544448, z: 0.0000000047741433}
  m_LocalScale: {x: 1, y: 1, z: 1}
  m_Children:
  - {fileID: 2964132100728878977}
  - {fileID: 724463432181619434}
  - {fileID: 290978797230240092}
  m_Father: {fileID: 6628114302236551437}
  m_RootOrder: 0
  m_LocalEulerAnglesHint: {x: 0, y: 0, z: 0}
--- !u!4 &1432132397611110203
Transform:
  m_ObjectHideFlags: 0
  m_CorrespondingSourceObject: {fileID: 8923774083420368682, guid: c9bcf0cb9dc7df5499cd52cc1525e48f, type: 3}
  m_PrefabInstance: {fileID: 7496358043247697937}
  m_PrefabAsset: {fileID: 0}
  m_GameObject: {fileID: 666601470091003249}
  m_LocalRotation: {x: -0.7071068, y: 0, z: 8.659561e-17, w: 0.7071068}
  m_LocalPosition: {x: -0, y: 0, z: 0}
  m_LocalScale: {x: 1, y: 1, z: 1}
  m_Children:
  - {fileID: 6446174348314465529}
  m_Father: {fileID: 8029673498968039333}
  m_RootOrder: 0
  m_LocalEulerAnglesHint: {x: 0, y: 0, z: 0}
--- !u!1 &1650059850291726198
GameObject:
  m_ObjectHideFlags: 0
  m_CorrespondingSourceObject: {fileID: 9146346150380316519, guid: c9bcf0cb9dc7df5499cd52cc1525e48f, type: 3}
  m_PrefabInstance: {fileID: 7496358043247697937}
  m_PrefabAsset: {fileID: 0}
  serializedVersion: 6
  m_Component:
  - component: {fileID: 441192458449050152}
  m_Layer: 0
  m_Name: Hand.L
  m_TagString: Untagged
  m_Icon: {fileID: 0}
  m_NavMeshLayer: 0
  m_StaticEditorFlags: 0
  m_IsActive: 1
--- !u!1 &2116715159751510957
GameObject:
  m_ObjectHideFlags: 0
  m_CorrespondingSourceObject: {fileID: 8460149155749669820, guid: c9bcf0cb9dc7df5499cd52cc1525e48f, type: 3}
  m_PrefabInstance: {fileID: 7496358043247697937}
  m_PrefabAsset: {fileID: 0}
  serializedVersion: 6
  m_Component:
  - component: {fileID: 2964132100728878977}
  m_Layer: 0
  m_Name: Head
  m_TagString: Untagged
  m_Icon: {fileID: 0}
  m_NavMeshLayer: 0
  m_StaticEditorFlags: 0
  m_IsActive: 1
--- !u!1 &2257216297852236112
GameObject:
  m_ObjectHideFlags: 0
  m_CorrespondingSourceObject: {fileID: 8600564323504329025, guid: c9bcf0cb9dc7df5499cd52cc1525e48f, type: 3}
  m_PrefabInstance: {fileID: 7496358043247697937}
  m_PrefabAsset: {fileID: 0}
  serializedVersion: 6
  m_Component:
  - component: {fileID: 6628114302236551437}
  m_Layer: 0
  m_Name: Spine1
  m_TagString: Untagged
  m_Icon: {fileID: 0}
  m_NavMeshLayer: 0
  m_StaticEditorFlags: 0
  m_IsActive: 1
--- !u!33 &2904067533047374655
MeshFilter:
  m_ObjectHideFlags: 0
  m_CorrespondingSourceObject: {fileID: 4631173645142803246, guid: c9bcf0cb9dc7df5499cd52cc1525e48f, type: 3}
  m_PrefabInstance: {fileID: 7496358043247697937}
  m_PrefabAsset: {fileID: 0}
  m_GameObject: {fileID: 4962425124140541167}
  m_Mesh: {fileID: -9170140693750024869, guid: 11989b37e9ffdd7418c9741df4e57e6e, type: 3}
--- !u!4 &2964132100728878977
Transform:
  m_ObjectHideFlags: 0
  m_CorrespondingSourceObject: {fileID: 4695811425408194448, guid: c9bcf0cb9dc7df5499cd52cc1525e48f, type: 3}
  m_PrefabInstance: {fileID: 7496358043247697937}
  m_PrefabAsset: {fileID: 0}
  m_GameObject: {fileID: 2116715159751510957}
  m_LocalRotation: {x: 0.0639329, y: -0.00000011898707, z: -0.0000000061243353, w: 0.99795425}
  m_LocalPosition: {x: -0.000000010884833, y: 0.16601923, z: -0.0000000036670826}
  m_LocalScale: {x: 1, y: 0.99999994, z: 1}
  m_Children:
  - {fileID: 4279401816614621284}
  m_Father: {fileID: 1250610022041040127}
  m_RootOrder: 0
  m_LocalEulerAnglesHint: {x: 0, y: 0, z: 0}
--- !u!4 &3013042520197603509
Transform:
  m_ObjectHideFlags: 0
  m_CorrespondingSourceObject: {fileID: 4744564030456021156, guid: c9bcf0cb9dc7df5499cd52cc1525e48f, type: 3}
  m_PrefabInstance: {fileID: 7496358043247697937}
  m_PrefabAsset: {fileID: 0}
  m_GameObject: {fileID: 3900871251739506121}
  m_LocalRotation: {x: -0.572346, y: 0.024374763, z: -0.029002644, w: 0.8191367}
  m_LocalPosition: {x: -0.039792083, y: 0.051348742, z: -0.2556988}
  m_LocalScale: {x: 1, y: 1, z: 1}
  m_Children: []
  m_Father: {fileID: 8029673498968039333}
  m_RootOrder: 3
  m_LocalEulerAnglesHint: {x: 0, y: 0, z: 0}
--- !u!4 &3030954640640267317
Transform:
  m_ObjectHideFlags: 0
  m_CorrespondingSourceObject: {fileID: 4762684989383160868, guid: c9bcf0cb9dc7df5499cd52cc1525e48f, type: 3}
  m_PrefabInstance: {fileID: 7496358043247697937}
  m_PrefabAsset: {fileID: 0}
  m_GameObject: {fileID: 3569645976900009002}
  m_LocalRotation: {x: 0.24090943, y: 0.27683705, z: 0.45785648, w: 0.8097477}
  m_LocalPosition: {x: -0.000000028871, y: 0.22339463, z: -0.000000010055373}
  m_LocalScale: {x: 0.99999994, y: 1, z: 0.99999994}
  m_Children:
  - {fileID: 6071608010584030213}
  m_Father: {fileID: 724463432181619434}
  m_RootOrder: 0
  m_LocalEulerAnglesHint: {x: 0, y: 0, z: 0}
--- !u!1 &3488236399739630814
GameObject:
  m_ObjectHideFlags: 0
  m_CorrespondingSourceObject: {fileID: 6368333322316846287, guid: c9bcf0cb9dc7df5499cd52cc1525e48f, type: 3}
  m_PrefabInstance: {fileID: 7496358043247697937}
  m_PrefabAsset: {fileID: 0}
  serializedVersion: 6
  m_Component:
  - component: {fileID: 6444295519463210818}
  m_Layer: 0
  m_Name: Hand.L_end
  m_TagString: Untagged
  m_Icon: {fileID: 0}
  m_NavMeshLayer: 0
  m_StaticEditorFlags: 0
  m_IsActive: 1
--- !u!1 &3569645976900009002
GameObject:
  m_ObjectHideFlags: 0
  m_CorrespondingSourceObject: {fileID: 6449585632807033915, guid: c9bcf0cb9dc7df5499cd52cc1525e48f, type: 3}
  m_PrefabInstance: {fileID: 7496358043247697937}
  m_PrefabAsset: {fileID: 0}
  serializedVersion: 6
  m_Component:
  - component: {fileID: 3030954640640267317}
  m_Layer: 0
  m_Name: Upperarm.L
  m_TagString: Untagged
  m_Icon: {fileID: 0}
  m_NavMeshLayer: 0
  m_StaticEditorFlags: 0
  m_IsActive: 1
--- !u!1 &3900871251739506121
GameObject:
  m_ObjectHideFlags: 0
  m_CorrespondingSourceObject: {fileID: 6785451636977079768, guid: c9bcf0cb9dc7df5499cd52cc1525e48f, type: 3}
  m_PrefabInstance: {fileID: 7496358043247697937}
  m_PrefabAsset: {fileID: 0}
  serializedVersion: 6
  m_Component:
  - component: {fileID: 3013042520197603509}
  - component: {fileID: 8783353669716100114}
  - component: {fileID: 5354965774542608749}
  m_Layer: 0
  m_Name: hair
  m_TagString: Untagged
  m_Icon: {fileID: 0}
  m_NavMeshLayer: 0
  m_StaticEditorFlags: 0
  m_IsActive: 1
--- !u!4 &4279401816614621284
Transform:
  m_ObjectHideFlags: 0
  m_CorrespondingSourceObject: {fileID: 6010920853109354613, guid: c9bcf0cb9dc7df5499cd52cc1525e48f, type: 3}
  m_PrefabInstance: {fileID: 7496358043247697937}
  m_PrefabAsset: {fileID: 0}
  m_GameObject: {fileID: 4541705243155854480}
  m_LocalRotation: {x: 0, y: -0, z: -0, w: 1}
  m_LocalPosition: {x: -0, y: 0.3630134, z: 0}
  m_LocalScale: {x: 1, y: 1, z: 1}
  m_Children: []
  m_Father: {fileID: 2964132100728878977}
  m_RootOrder: 0
  m_LocalEulerAnglesHint: {x: 0, y: 0, z: 0}
--- !u!1 &4340471810579285834
GameObject:
  m_ObjectHideFlags: 0
  m_CorrespondingSourceObject: {fileID: 6067507519700805467, guid: c9bcf0cb9dc7df5499cd52cc1525e48f, type: 3}
  m_PrefabInstance: {fileID: 7496358043247697937}
  m_PrefabAsset: {fileID: 0}
  serializedVersion: 6
  m_Component:
  - component: {fileID: 1040572931993316964}
  - component: {fileID: 7424561371550559480}
  - component: {fileID: 4455970534986808945}
  m_Layer: 0
  m_Name: Torch
  m_TagString: Untagged
  m_Icon: {fileID: 0}
  m_NavMeshLayer: 0
  m_StaticEditorFlags: 0
  m_IsActive: 1
--- !u!23 &4455970534986808945
MeshRenderer:
  m_ObjectHideFlags: 0
  m_CorrespondingSourceObject: {fileID: 6187559390469758560, guid: c9bcf0cb9dc7df5499cd52cc1525e48f, type: 3}
  m_PrefabInstance: {fileID: 7496358043247697937}
  m_PrefabAsset: {fileID: 0}
  m_GameObject: {fileID: 4340471810579285834}
  m_Enabled: 1
  m_CastShadows: 1
  m_ReceiveShadows: 1
  m_DynamicOccludee: 1
  m_MotionVectors: 1
  m_LightProbeUsage: 1
  m_ReflectionProbeUsage: 1
  m_RayTracingMode: 2
  m_RayTraceProcedural: 0
  m_RenderingLayerMask: 1
  m_RendererPriority: 0
  m_Materials:
  - {fileID: -3846018093981099296, guid: 11989b37e9ffdd7418c9741df4e57e6e, type: 3}
  - {fileID: 4874126678125670354, guid: 11989b37e9ffdd7418c9741df4e57e6e, type: 3}
  m_StaticBatchInfo:
    firstSubMesh: 0
    subMeshCount: 0
  m_StaticBatchRoot: {fileID: 0}
  m_ProbeAnchor: {fileID: 0}
  m_LightProbeVolumeOverride: {fileID: 0}
  m_ScaleInLightmap: 1
  m_ReceiveGI: 1
  m_PreserveUVs: 0
  m_IgnoreNormalsForChartDetection: 0
  m_ImportantGI: 0
  m_StitchLightmapSeams: 1
  m_SelectedEditorRenderState: 3
  m_MinimumChartSize: 4
  m_AutoUVMaxDistance: 0.5
  m_AutoUVMaxAngle: 89
  m_LightmapParameters: {fileID: 0}
  m_SortingLayerID: 0
  m_SortingLayer: 0
  m_SortingOrder: 0
  m_AdditionalVertexStreams: {fileID: 0}
--- !u!1 &4541705243155854480
GameObject:
  m_ObjectHideFlags: 0
  m_CorrespondingSourceObject: {fileID: 6273242938990302337, guid: c9bcf0cb9dc7df5499cd52cc1525e48f, type: 3}
  m_PrefabInstance: {fileID: 7496358043247697937}
  m_PrefabAsset: {fileID: 0}
  serializedVersion: 6
  m_Component:
  - component: {fileID: 4279401816614621284}
  m_Layer: 0
  m_Name: Head_end
  m_TagString: Untagged
  m_Icon: {fileID: 0}
  m_NavMeshLayer: 0
  m_StaticEditorFlags: 0
  m_IsActive: 1
--- !u!1 &4962425124140541167
GameObject:
  m_ObjectHideFlags: 0
  m_CorrespondingSourceObject: {fileID: 3230904713246737662, guid: c9bcf0cb9dc7df5499cd52cc1525e48f, type: 3}
  m_PrefabInstance: {fileID: 7496358043247697937}
  m_PrefabAsset: {fileID: 0}
  serializedVersion: 6
  m_Component:
  - component: {fileID: 7362205928383942528}
  - component: {fileID: 2904067533047374655}
  - component: {fileID: 7576695753955403695}
  m_Layer: 0
  m_Name: Beard
  m_TagString: Untagged
  m_Icon: {fileID: 0}
  m_NavMeshLayer: 0
  m_StaticEditorFlags: 0
  m_IsActive: 1
--- !u!23 &5354965774542608749
MeshRenderer:
  m_ObjectHideFlags: 0
  m_CorrespondingSourceObject: {fileID: 2474940116210514300, guid: c9bcf0cb9dc7df5499cd52cc1525e48f, type: 3}
  m_PrefabInstance: {fileID: 7496358043247697937}
  m_PrefabAsset: {fileID: 0}
  m_GameObject: {fileID: 3900871251739506121}
  m_Enabled: 1
  m_CastShadows: 1
  m_ReceiveShadows: 1
  m_DynamicOccludee: 1
  m_MotionVectors: 1
  m_LightProbeUsage: 1
  m_ReflectionProbeUsage: 1
  m_RayTracingMode: 2
  m_RayTraceProcedural: 0
  m_RenderingLayerMask: 1
  m_RendererPriority: 0
  m_Materials:
  - {fileID: -4288583467269203127, guid: 11989b37e9ffdd7418c9741df4e57e6e, type: 3}
  m_StaticBatchInfo:
    firstSubMesh: 0
    subMeshCount: 0
  m_StaticBatchRoot: {fileID: 0}
  m_ProbeAnchor: {fileID: 0}
  m_LightProbeVolumeOverride: {fileID: 0}
  m_ScaleInLightmap: 1
  m_ReceiveGI: 1
  m_PreserveUVs: 0
  m_IgnoreNormalsForChartDetection: 0
  m_ImportantGI: 0
  m_StitchLightmapSeams: 1
  m_SelectedEditorRenderState: 3
  m_MinimumChartSize: 4
  m_AutoUVMaxDistance: 0.5
  m_AutoUVMaxAngle: 89
  m_LightmapParameters: {fileID: 0}
  m_SortingLayerID: 0
  m_SortingLayer: 0
  m_SortingOrder: 0
  m_AdditionalVertexStreams: {fileID: 0}
--- !u!1 &5365643558244083179
GameObject:
  m_ObjectHideFlags: 0
  m_CorrespondingSourceObject: {fileID: 2485689641046083066, guid: c9bcf0cb9dc7df5499cd52cc1525e48f, type: 3}
  m_PrefabInstance: {fileID: 7496358043247697937}
  m_PrefabAsset: {fileID: 0}
  serializedVersion: 6
  m_Component:
  - component: {fileID: 6776636912790539812}
  m_Layer: 0
  m_Name: Lowerarm.R
  m_TagString: Untagged
  m_Icon: {fileID: 0}
  m_NavMeshLayer: 0
  m_StaticEditorFlags: 0
  m_IsActive: 1
--- !u!4 &5850386187415024244
Transform:
  m_ObjectHideFlags: 0
  m_CorrespondingSourceObject: {fileID: 4123281655875146341, guid: c9bcf0cb9dc7df5499cd52cc1525e48f, type: 3}
  m_PrefabInstance: {fileID: 7496358043247697937}
  m_PrefabAsset: {fileID: 0}
  m_GameObject: {fileID: 6932293023957883942}
  m_LocalRotation: {x: -0.7071068, y: -0.000000030908623, z: -0.000000030908623, w: 0.7071068}
  m_LocalPosition: {x: -0, y: 0, z: 0}
  m_LocalScale: {x: 1, y: 1, z: 1}
  m_Children: []
  m_Father: {fileID: 8029673498968039333}
  m_RootOrder: 2
  m_LocalEulerAnglesHint: {x: 0, y: 0, z: 0}
--- !u!1 &6051779219605248825
GameObject:
  m_ObjectHideFlags: 0
  m_CorrespondingSourceObject: {fileID: 4320171189369748264, guid: c9bcf0cb9dc7df5499cd52cc1525e48f, type: 3}
  m_PrefabInstance: {fileID: 7496358043247697937}
  m_PrefabAsset: {fileID: 0}
  serializedVersion: 6
  m_Component:
  - component: {fileID: 6188827605839034582}
  m_Layer: 0
  m_Name: Upperarm.R
  m_TagString: Untagged
  m_Icon: {fileID: 0}
  m_NavMeshLayer: 0
  m_StaticEditorFlags: 0
  m_IsActive: 1
--- !u!4 &6071608010584030213
Transform:
  m_ObjectHideFlags: 0
  m_CorrespondingSourceObject: {fileID: 4344503307124677652, guid: c9bcf0cb9dc7df5499cd52cc1525e48f, type: 3}
  m_PrefabInstance: {fileID: 7496358043247697937}
  m_PrefabAsset: {fileID: 0}
  m_GameObject: {fileID: 236471119321755101}
  m_LocalRotation: {x: 0.5393951, y: -0.0123780845, z: -0.005812801, w: 0.84194183}
  m_LocalPosition: {x: 0.000000031664968, y: 0.19950408, z: -0.000000026077032}
  m_LocalScale: {x: 1, y: 1, z: 0.99999994}
  m_Children:
  - {fileID: 441192458449050152}
  m_Father: {fileID: 3030954640640267317}
  m_RootOrder: 0
  m_LocalEulerAnglesHint: {x: 0, y: 0, z: 0}
--- !u!1 &6113331480640105228
GameObject:
  m_ObjectHideFlags: 0
  m_CorrespondingSourceObject: {fileID: 4386087654717901597, guid: c9bcf0cb9dc7df5499cd52cc1525e48f, type: 3}
  m_PrefabInstance: {fileID: 7496358043247697937}
  m_PrefabAsset: {fileID: 0}
  serializedVersion: 6
  m_Component:
  - component: {fileID: 1250610022041040127}
  m_Layer: 0
  m_Name: Spine2
  m_TagString: Untagged
  m_Icon: {fileID: 0}
  m_NavMeshLayer: 0
  m_StaticEditorFlags: 0
  m_IsActive: 1
--- !u!4 &6188827605839034582
Transform:
  m_ObjectHideFlags: 0
  m_CorrespondingSourceObject: {fileID: 4461739049312409799, guid: c9bcf0cb9dc7df5499cd52cc1525e48f, type: 3}
  m_PrefabInstance: {fileID: 7496358043247697937}
  m_PrefabAsset: {fileID: 0}
  m_GameObject: {fileID: 6051779219605248825}
  m_LocalRotation: {x: -0.19999374, y: 0.2348625, z: -0.4446922, w: 0.840887}
  m_LocalPosition: {x: 0.000000052154064, y: 0.22339463, z: 0.000000006519258}
  m_LocalScale: {x: 0.99999994, y: 1, z: 1}
  m_Children:
  - {fileID: 6776636912790539812}
  m_Father: {fileID: 290978797230240092}
  m_RootOrder: 0
  m_LocalEulerAnglesHint: {x: 0, y: 0, z: 0}
--- !u!4 &6444295519463210818
Transform:
  m_ObjectHideFlags: 0
  m_CorrespondingSourceObject: {fileID: 3559767086296538963, guid: c9bcf0cb9dc7df5499cd52cc1525e48f, type: 3}
  m_PrefabInstance: {fileID: 7496358043247697937}
  m_PrefabAsset: {fileID: 0}
  m_GameObject: {fileID: 3488236399739630814}
  m_LocalRotation: {x: 0, y: -0, z: -0, w: 1}
  m_LocalPosition: {x: -0, y: 0.07557613, z: 0}
  m_LocalScale: {x: 1, y: 1, z: 1}
  m_Children: []
  m_Father: {fileID: 441192458449050152}
  m_RootOrder: 0
  m_LocalEulerAnglesHint: {x: 0, y: 0, z: 0}
--- !u!4 &6446174348314465529
Transform:
  m_ObjectHideFlags: 0
  m_CorrespondingSourceObject: {fileID: 3566007059154416872, guid: c9bcf0cb9dc7df5499cd52cc1525e48f, type: 3}
  m_PrefabInstance: {fileID: 7496358043247697937}
  m_PrefabAsset: {fileID: 0}
  m_GameObject: {fileID: 7110891342197686419}
  m_LocalRotation: {x: 0.7071068, y: 0, z: 0, w: 0.7071067}
  m_LocalPosition: {x: -0, y: 0, z: 0.4264651}
  m_LocalScale: {x: 1, y: 1, z: 1}
  m_Children:
  - {fileID: 6628114302236551437}
  m_Father: {fileID: 1432132397611110203}
  m_RootOrder: 0
  m_LocalEulerAnglesHint: {x: 0, y: 0, z: 0}
--- !u!4 &6628114302236551437
Transform:
  m_ObjectHideFlags: 0
  m_CorrespondingSourceObject: {fileID: 3743515191079667996, guid: c9bcf0cb9dc7df5499cd52cc1525e48f, type: 3}
  m_PrefabInstance: {fileID: 7496358043247697937}
  m_PrefabAsset: {fileID: 0}
  m_GameObject: {fileID: 2257216297852236112}
  m_LocalRotation: {x: 0.044475485, y: 0.001686173, z: -0.03784757, w: 0.9982919}
  m_LocalPosition: {x: -0, y: 0.1281758, z: 0}
  m_LocalScale: {x: 1, y: 1, z: 1}
  m_Children:
  - {fileID: 1250610022041040127}
  m_Father: {fileID: 6446174348314465529}
  m_RootOrder: 0
  m_LocalEulerAnglesHint: {x: 0, y: 0, z: 0}
--- !u!4 &6673264840366514561
Transform:
  m_ObjectHideFlags: 0
  m_CorrespondingSourceObject: {fileID: 3788753140259324304, guid: c9bcf0cb9dc7df5499cd52cc1525e48f, type: 3}
  m_PrefabInstance: {fileID: 7496358043247697937}
  m_PrefabAsset: {fileID: 0}
  m_GameObject: {fileID: 65405346299463646}
  m_LocalRotation: {x: -0.02149654, y: 0.00018862322, z: 0.0087688565, w: 0.99973047}
  m_LocalPosition: {x: 0.000000028871, y: 0.15401731, z: 0.00000006798655}
  m_LocalScale: {x: 0.99999994, y: 0.99999994, z: 0.99999994}
  m_Children:
  - {fileID: 7325883976502421284}
  m_Father: {fileID: 6776636912790539812}
  m_RootOrder: 0
  m_LocalEulerAnglesHint: {x: 0, y: 0, z: 0}
--- !u!4 &6776636912790539812
Transform:
  m_ObjectHideFlags: 0
  m_CorrespondingSourceObject: {fileID: 3891983856701926965, guid: c9bcf0cb9dc7df5499cd52cc1525e48f, type: 3}
  m_PrefabInstance: {fileID: 7496358043247697937}
  m_PrefabAsset: {fileID: 0}
  m_GameObject: {fileID: 5365643558244083179}
  m_LocalRotation: {x: 0.80808, y: -0.077310115, z: 0.07301966, w: 0.5793945}
  m_LocalPosition: {x: -0.000000013038516, y: 0.19950394, z: 0.0000000027939677}
  m_LocalScale: {x: 1, y: 1.0000001, z: 1}
  m_Children:
  - {fileID: 6673264840366514561}
  m_Father: {fileID: 6188827605839034582}
  m_RootOrder: 0
  m_LocalEulerAnglesHint: {x: 0, y: 0, z: 0}
--- !u!1 &6794942266241869180
GameObject:
  m_ObjectHideFlags: 0
  m_CorrespondingSourceObject: {fileID: 3910270241565410669, guid: c9bcf0cb9dc7df5499cd52cc1525e48f, type: 3}
  m_PrefabInstance: {fileID: 7496358043247697937}
  m_PrefabAsset: {fileID: 0}
  serializedVersion: 6
  m_Component:
  - component: {fileID: 724463432181619434}
  m_Layer: 0
  m_Name: Shoulder.L
  m_TagString: Untagged
  m_Icon: {fileID: 0}
  m_NavMeshLayer: 0
  m_StaticEditorFlags: 0
  m_IsActive: 1
--- !u!1 &6932293023957883942
GameObject:
  m_ObjectHideFlags: 0
  m_CorrespondingSourceObject: {fileID: 593378020862360631, guid: c9bcf0cb9dc7df5499cd52cc1525e48f, type: 3}
  m_PrefabInstance: {fileID: 7496358043247697937}
  m_PrefabAsset: {fileID: 0}
  serializedVersion: 6
  m_Component:
  - component: {fileID: 5850386187415024244}
  - component: {fileID: 9098440712257545500}
  m_Layer: 0
  m_Name: Body
  m_TagString: Untagged
  m_Icon: {fileID: 0}
  m_NavMeshLayer: 0
  m_StaticEditorFlags: 0
  m_IsActive: 1
--- !u!1 &7110891342197686419
GameObject:
  m_ObjectHideFlags: 0
  m_CorrespondingSourceObject: {fileID: 767476624302268546, guid: c9bcf0cb9dc7df5499cd52cc1525e48f, type: 3}
  m_PrefabInstance: {fileID: 7496358043247697937}
  m_PrefabAsset: {fileID: 0}
  serializedVersion: 6
  m_Component:
  - component: {fileID: 6446174348314465529}
  m_Layer: 0
  m_Name: root
  m_TagString: Untagged
  m_Icon: {fileID: 0}
  m_NavMeshLayer: 0
  m_StaticEditorFlags: 0
  m_IsActive: 1
--- !u!1 &7216157680726689055
GameObject:
  m_ObjectHideFlags: 0
  m_CorrespondingSourceObject: {fileID: 877243985448412430, guid: c9bcf0cb9dc7df5499cd52cc1525e48f, type: 3}
  m_PrefabInstance: {fileID: 7496358043247697937}
  m_PrefabAsset: {fileID: 0}
  serializedVersion: 6
  m_Component:
  - component: {fileID: 8029673498968039333}
  m_Layer: 0
  m_Name: dwarfbonesDeath (1)
  m_TagString: Untagged
  m_Icon: {fileID: 0}
  m_NavMeshLayer: 0
  m_StaticEditorFlags: 0
  m_IsActive: 1
--- !u!4 &7325883976502421284
Transform:
  m_ObjectHideFlags: 0
  m_CorrespondingSourceObject: {fileID: 982538184104396597, guid: c9bcf0cb9dc7df5499cd52cc1525e48f, type: 3}
  m_PrefabInstance: {fileID: 7496358043247697937}
  m_PrefabAsset: {fileID: 0}
  m_GameObject: {fileID: 9157404421282940504}
  m_LocalRotation: {x: 0, y: -0, z: -0, w: 1}
  m_LocalPosition: {x: -0, y: 0.07557613, z: 0}
  m_LocalScale: {x: 1, y: 1, z: 1}
  m_Children: []
  m_Father: {fileID: 6673264840366514561}
  m_RootOrder: 0
  m_LocalEulerAnglesHint: {x: 0, y: 0, z: 0}
--- !u!4 &7362205928383942528
Transform:
  m_ObjectHideFlags: 0
  m_CorrespondingSourceObject: {fileID: 1018841169396920209, guid: c9bcf0cb9dc7df5499cd52cc1525e48f, type: 3}
  m_PrefabInstance: {fileID: 7496358043247697937}
  m_PrefabAsset: {fileID: 0}
  m_GameObject: {fileID: 4962425124140541167}
  m_LocalRotation: {x: -0.572346, y: 0.024374763, z: -0.029002644, w: 0.8191367}
  m_LocalPosition: {x: -0.039792083, y: 0.051348742, z: -0.2556988}
  m_LocalScale: {x: 1, y: 1, z: 1}
  m_Children: []
  m_Father: {fileID: 8029673498968039333}
  m_RootOrder: 1
  m_LocalEulerAnglesHint: {x: 0, y: 0, z: 0}
--- !u!33 &7424561371550559480
MeshFilter:
  m_ObjectHideFlags: 0
  m_CorrespondingSourceObject: {fileID: 1081214477488114921, guid: c9bcf0cb9dc7df5499cd52cc1525e48f, type: 3}
  m_PrefabInstance: {fileID: 7496358043247697937}
  m_PrefabAsset: {fileID: 0}
  m_GameObject: {fileID: 4340471810579285834}
  m_Mesh: {fileID: 4749707353668628313, guid: 11989b37e9ffdd7418c9741df4e57e6e, type: 3}
--- !u!1001 &7496358043247697937
PrefabInstance:
  m_ObjectHideFlags: 0
  serializedVersion: 2
  m_Modification:
    m_TransformParent: {fileID: 0}
    m_Modifications:
    - target: {fileID: 533474715410399156, guid: c9bcf0cb9dc7df5499cd52cc1525e48f, type: 3}
      propertyPath: m_RootOrder
      value: 6
      objectReference: {fileID: 0}
    - target: {fileID: 533474715410399156, guid: c9bcf0cb9dc7df5499cd52cc1525e48f, type: 3}
      propertyPath: m_LocalPosition.x
      value: 0
      objectReference: {fileID: 0}
    - target: {fileID: 533474715410399156, guid: c9bcf0cb9dc7df5499cd52cc1525e48f, type: 3}
      propertyPath: m_LocalPosition.y
      value: 0
      objectReference: {fileID: 0}
    - target: {fileID: 533474715410399156, guid: c9bcf0cb9dc7df5499cd52cc1525e48f, type: 3}
      propertyPath: m_LocalPosition.z
      value: 0
      objectReference: {fileID: 0}
    - target: {fileID: 533474715410399156, guid: c9bcf0cb9dc7df5499cd52cc1525e48f, type: 3}
      propertyPath: m_LocalRotation.w
      value: 1
      objectReference: {fileID: 0}
    - target: {fileID: 533474715410399156, guid: c9bcf0cb9dc7df5499cd52cc1525e48f, type: 3}
      propertyPath: m_LocalRotation.x
      value: 0
      objectReference: {fileID: 0}
    - target: {fileID: 533474715410399156, guid: c9bcf0cb9dc7df5499cd52cc1525e48f, type: 3}
      propertyPath: m_LocalRotation.y
      value: 0
      objectReference: {fileID: 0}
    - target: {fileID: 533474715410399156, guid: c9bcf0cb9dc7df5499cd52cc1525e48f, type: 3}
      propertyPath: m_LocalRotation.z
      value: 0
      objectReference: {fileID: 0}
    - target: {fileID: 533474715410399156, guid: c9bcf0cb9dc7df5499cd52cc1525e48f, type: 3}
      propertyPath: m_LocalEulerAnglesHint.x
      value: 0
      objectReference: {fileID: 0}
    - target: {fileID: 533474715410399156, guid: c9bcf0cb9dc7df5499cd52cc1525e48f, type: 3}
      propertyPath: m_LocalEulerAnglesHint.y
      value: 0
      objectReference: {fileID: 0}
    - target: {fileID: 533474715410399156, guid: c9bcf0cb9dc7df5499cd52cc1525e48f, type: 3}
      propertyPath: m_LocalEulerAnglesHint.z
      value: 0
      objectReference: {fileID: 0}
    - target: {fileID: 877243985448412430, guid: c9bcf0cb9dc7df5499cd52cc1525e48f, type: 3}
      propertyPath: m_Name
      value: dwarfbonesDeath (1)
      objectReference: {fileID: 0}
    m_RemovedComponents: []
  m_SourcePrefab: {fileID: 100100000, guid: c9bcf0cb9dc7df5499cd52cc1525e48f, type: 3}
--- !u!23 &7576695753955403695
MeshRenderer:
  m_ObjectHideFlags: 0
  m_CorrespondingSourceObject: {fileID: 84932091054327742, guid: c9bcf0cb9dc7df5499cd52cc1525e48f, type: 3}
  m_PrefabInstance: {fileID: 7496358043247697937}
  m_PrefabAsset: {fileID: 0}
  m_GameObject: {fileID: 4962425124140541167}
  m_Enabled: 1
  m_CastShadows: 1
  m_ReceiveShadows: 1
  m_DynamicOccludee: 1
  m_MotionVectors: 1
  m_LightProbeUsage: 1
  m_ReflectionProbeUsage: 1
  m_RayTracingMode: 2
  m_RayTraceProcedural: 0
  m_RenderingLayerMask: 1
  m_RendererPriority: 0
  m_Materials:
  - {fileID: -4288583467269203127, guid: 11989b37e9ffdd7418c9741df4e57e6e, type: 3}
  m_StaticBatchInfo:
    firstSubMesh: 0
    subMeshCount: 0
  m_StaticBatchRoot: {fileID: 0}
  m_ProbeAnchor: {fileID: 0}
  m_LightProbeVolumeOverride: {fileID: 0}
  m_ScaleInLightmap: 1
  m_ReceiveGI: 1
  m_PreserveUVs: 0
  m_IgnoreNormalsForChartDetection: 0
  m_ImportantGI: 0
  m_StitchLightmapSeams: 1
  m_SelectedEditorRenderState: 3
  m_MinimumChartSize: 4
  m_AutoUVMaxDistance: 0.5
  m_AutoUVMaxAngle: 89
  m_LightmapParameters: {fileID: 0}
  m_SortingLayerID: 0
  m_SortingLayer: 0
  m_SortingOrder: 0
  m_AdditionalVertexStreams: {fileID: 0}
--- !u!4 &8029673498968039333
Transform:
  m_ObjectHideFlags: 0
  m_CorrespondingSourceObject: {fileID: 533474715410399156, guid: c9bcf0cb9dc7df5499cd52cc1525e48f, type: 3}
  m_PrefabInstance: {fileID: 7496358043247697937}
  m_PrefabAsset: {fileID: 0}
  m_GameObject: {fileID: 7216157680726689055}
  m_LocalRotation: {x: 0, y: 0, z: 0, w: 1}
  m_LocalPosition: {x: 0, y: 0, z: 0}
  m_LocalScale: {x: 1, y: 1, z: 1}
  m_Children:
  - {fileID: 1432132397611110203}
  - {fileID: 7362205928383942528}
  - {fileID: 5850386187415024244}
  - {fileID: 3013042520197603509}
  - {fileID: 1040572931993316964}
  m_Father: {fileID: 0}
  m_RootOrder: 6
  m_LocalEulerAnglesHint: {x: 0, y: 0, z: 0}
--- !u!33 &8783353669716100114
MeshFilter:
  m_ObjectHideFlags: 0
  m_CorrespondingSourceObject: {fileID: 1291640616448861187, guid: c9bcf0cb9dc7df5499cd52cc1525e48f, type: 3}
  m_PrefabInstance: {fileID: 7496358043247697937}
  m_PrefabAsset: {fileID: 0}
  m_GameObject: {fileID: 3900871251739506121}
  m_Mesh: {fileID: -5017437812508297076, guid: 11989b37e9ffdd7418c9741df4e57e6e, type: 3}
--- !u!137 &9098440712257545500
SkinnedMeshRenderer:
  m_ObjectHideFlags: 0
  m_CorrespondingSourceObject: {fileID: 1606745423110456589, guid: c9bcf0cb9dc7df5499cd52cc1525e48f, type: 3}
  m_PrefabInstance: {fileID: 7496358043247697937}
  m_PrefabAsset: {fileID: 0}
  m_GameObject: {fileID: 6932293023957883942}
  m_Enabled: 1
  m_CastShadows: 1
  m_ReceiveShadows: 1
  m_DynamicOccludee: 1
  m_MotionVectors: 1
  m_LightProbeUsage: 1
  m_ReflectionProbeUsage: 1
  m_RayTracingMode: 3
  m_RayTraceProcedural: 0
  m_RenderingLayerMask: 1
  m_RendererPriority: 0
  m_Materials:
  - {fileID: 3675950881042427739, guid: 11989b37e9ffdd7418c9741df4e57e6e, type: 3}
  - {fileID: 4419475791591512857, guid: 11989b37e9ffdd7418c9741df4e57e6e, type: 3}
  - {fileID: 2046712527556643733, guid: 11989b37e9ffdd7418c9741df4e57e6e, type: 3}
  - {fileID: -876546973899608171, guid: 11989b37e9ffdd7418c9741df4e57e6e, type: 3}
  m_StaticBatchInfo:
    firstSubMesh: 0
    subMeshCount: 0
  m_StaticBatchRoot: {fileID: 0}
  m_ProbeAnchor: {fileID: 0}
  m_LightProbeVolumeOverride: {fileID: 0}
  m_ScaleInLightmap: 1
  m_ReceiveGI: 1
  m_PreserveUVs: 0
  m_IgnoreNormalsForChartDetection: 0
  m_ImportantGI: 0
  m_StitchLightmapSeams: 1
  m_SelectedEditorRenderState: 3
  m_MinimumChartSize: 4
  m_AutoUVMaxDistance: 0.5
  m_AutoUVMaxAngle: 89
  m_LightmapParameters: {fileID: 0}
  m_SortingLayerID: 0
  m_SortingLayer: 0
  m_SortingOrder: 0
  serializedVersion: 2
  m_Quality: 0
  m_UpdateWhenOffscreen: 0
  m_SkinnedMotionVectors: 1
  m_Mesh: {fileID: 2959467708922500008, guid: 11989b37e9ffdd7418c9741df4e57e6e, type: 3}
  m_Bones:
  - {fileID: 6446174348314465529}
  - {fileID: 6628114302236551437}
  - {fileID: 1250610022041040127}
  - {fileID: 2964132100728878977}
  - {fileID: 724463432181619434}
  - {fileID: 3030954640640267317}
  - {fileID: 6071608010584030213}
  - {fileID: 441192458449050152}
  - {fileID: 290978797230240092}
  - {fileID: 6188827605839034582}
  - {fileID: 6776636912790539812}
  - {fileID: 6673264840366514561}
  m_BlendShapeWeights: []
  m_RootBone: {fileID: 6446174348314465529}
  m_AABB:
    m_Center: {x: 0.04322678, y: 0.38656417, z: 0.07903644}
    m_Extent: {x: 0.4357985, y: 0.517429, z: 0.30833063}
  m_DirtyAABB: 0
--- !u!1 &9157404421282940504
GameObject:
  m_ObjectHideFlags: 0
  m_CorrespondingSourceObject: {fileID: 1665710783545386569, guid: c9bcf0cb9dc7df5499cd52cc1525e48f, type: 3}
  m_PrefabInstance: {fileID: 7496358043247697937}
  m_PrefabAsset: {fileID: 0}
  serializedVersion: 6
  m_Component:
  - component: {fileID: 7325883976502421284}
  m_Layer: 0
  m_Name: Hand.R_end
  m_TagString: Untagged
  m_Icon: {fileID: 0}
  m_NavMeshLayer: 0
  m_StaticEditorFlags: 0
  m_IsActive: 1
